3075 4950
417 454 473 522 IN
501 455 578 522 CL
607 455 989 525 CLAUDIANUM.
1178 464 1224 538 55

141 587 249 653 esset,
262 595 343 660 qun
355 595 471 637 rursus
484 573 624 639 subinde
633 575 728 639 variis
743 597 782 640 en
791 578 895 642 oensis
909 581 1107 665 mutabatur,
1121 584 1227 649 aliom-

141 699 204 764 que
225 677 380 764 speciem
400 674 549 764 quotidie
566 697 657 764 poene
678 676 845 742 induebat.
864 681 902 742 ln
923 681 973 744 his
990 698 1023 746 et
1040 685 1178 771 publium
1191 703 1226 753 et

138 778 278 864 privatin
295 778 375 842 vitm
386 775 675 859 vicissitudinibus,
692 793 821 842 tuntum
834 781 936 864 obest,
951 800 989 848 ut
1002 783 1136 850 delinire
1148 810 1226 875 pos·

139 881 266 961 simus,
283 901 364 968 qum
376 879 497 968 cuique
509 880 649 967 tempori
659 879 784 944 fuerint
797 882 945 970 propria,
957 884 1101 973 quidque
1114 905 1227 974 postea

137 981 187 1046 vel
209 981 417 1070 demptum,
430 981 481 1044 vel
498 979 664 1058 additum,
678 981 729 1046 vel
749 981 958 1047 immutatum
970 985 1028 1066 sit,
1047 1003 1139 1050 utne
1155 1011 1226 1052 eam

139 1082 283 1172 quidem
306 1105 420 1148 rerum
438 1084 596 1165 formam,
614 1083 716 1169 qualis
731 1083 900 1148 Claudiani
911 1109 980 1150 oero
992 1089 1105 1170 fuerit,
1116 1090 1226 1178 cogni·

138 1199 203 1246 tam
211 1183 679 1274 perspectumquehaboomus
690 1185 766 1249 ¹.Ita
780 1184 826 1262 fit,
837 1187 916 1249 utin
933 1189 1003 1268 ejus
1010 1191 1218 1269 carminibus,

138 1307 236 1350 rooes
253 1284 399 1374 qiridem
413 1283 582 1349 audiemus
605 1301 639 1350 et
654 1285 816 1376 legumus,
834 1287 870 1350 in
890 1290 1038 1376 priorum
1056 1308 1226 1380 poetarum

139 1387 379 1452 monumentis
412 1387 488 1451 satis
519 1386 655 1470 obvias,
683 1409 795 1452 rerum
821 1404 931 1454 nutem
958 1391 1041 1454 ratio
1072 1415 1131 1478 per
1158 1393 1227 1457 illos

140 1512 381 1580 expressarum
406 1487 572 1552 interdum
598 1511 659 1551 nos
688 1489 813 1584 bigiat,
844 1489 978 1576 quando
1006 1513 1045 1554 ex
1069 1491 1227 1572 adjunctis

139 1591 401 1681 oognosoimus,
419 1611 490 1653 eam
501 1589 543 1652 ab
556 1589 689 1676 antiqua
703 1589 756 1654 illu
768 1605 802 1653 et
811 1591 936 1680 vulgari
948 1590 1105 1656 diversum
1117 1594 1225 1659 fuisse.

141 1691 361 1758 Admirabilis
392 1713 493 1780 porro
519 1707 587 1754 erat
611 1713 741 1754 morum
773 1692 998 1756 Romanorum
1029 1695 1062 1756 in
1093 1694 1227 1758 homine

142 1792 373 1860 Alexandrino
388 1791 552 1882 cognitio,
566 1813 680 1856 eorum
694 1793 892 1880 praesertim,
908 1794 966 1880 qui
980 1795 1090 1859 locum
1101 1795 1226 1860 babue-

144 1911 215 1960 runt
228 1897 265 1960 in
282 1896 394 1959 libera
411 1894 597 1984 republioa;
613 1893 698 1958 bano
711 1915 846 1982 quoque
859 1895 971 1982 quens
986 1897 1102 1984 pagina
1115 1913 1226 1962 osten·

143 2011 206 2080 tit,
237 1997 464 2084 exemploque
491 2012 524 2060 et
546 1995 803 2085 comparationes
829 1994 906 2060 inde
930 1997 1006 2060 alias
1030 2021 1127 2086 super
1149 2000 1225 2064 alias

144 2101 281 2186 repetit,
308 2099 404 2188 quasi
429 2095 463 2162 id
484 2097 601 2187 egerit,
619 2113 657 2162 ut
677 2096 883 2162 dominatum
900 2097 1053 2165 inanibus
1069 2098 1225 2164 libertatis

144 2201 248 2266 verbis
257 2199 1223 2290 commendamuneoinorqnihistoriaromnna,vixibotum

145 2301 275 2388 aliquod
287 2323 356 2366 seu
371 2323 423 2364 res
434 2299 550 2364 accidit
565 2314 746 2364 memoratu
759 2299 875 2389 digno,
892 2300 985 2379 cujus
999 2301 1052 2365 ille
1066 2302 1139 2366 loco
1151 2305 1221 2391 ple-

148 2424 285 2491 rumque
307 2417 388 2492 apto
403 2403 602 2466 mentionem
615 2424 683 2464 non
695 2399 807 2483 faciat,
826 2402 1010 2493 passimque
1026 2403 1125 2468 rebus
1141 2425 1223 2493 prae-

149 2508 297 2571 sentibus
318 2504 490 2595 ingeniose
506 2503 740 2571 accommodet.

189 2725 211 2759 r.
231 2708 328 2761 liores
345 2718 374 2759 et
389 2705 509 2759 instituto
522 2707 577 2777 ejus
591 2704 690 2773 utatis,
704 2722 756 2776 quo
773 2704 909 2759 Honorius
923 2707 1006 2772 vixit,
1023 2708 1117 2761 melius
1130 2712 1224 2778 procul

148 2784 228 2840 dnbio
246 2804 488 2861 oognosoeremns,
507 2783 578 2839 sind
597 2804 645 2839 nos
663 2784 844 2855 pervenissent
860 2787 979 2838 carmina
996 2788 1107 2852 Lucilli,
1123 2788 1223 2843 nobilis

148 2866 286 2921 setim-mn
301 2866 458 2939 scriptoris,
472 2878 503 2918 ut
514 2864 630 2918 Rutilius
643 2863 750 2935 quidem
762 2862 874 2935 judicat,
885 2865 914 2916 in
927 2866 1021 2919 ltiuer.
1035 2867 1062 2932 1,
1077 2866 1131 2937 599
1145 2888 1183 2939 sq.

331 3014 418 3073 Qualis
434 3028 497 3059 nno
512 3013 612 3067 Mus,
629 3012 716 3059 motui
728 3010 810 3057 nonin
824 3012 924 3073 pignos,

384 3096 429 3139 l’er
444 3092 543 3151 Corythi
558 3092 658 3153 populos
674 3106 729 3137 nm
743 3090 813 3135 betta
827 3091 898 3151 rugit.

335 3176 388 3221 Nec
404 3173 501 3227 mirum,
517 3172 596 3235 mgni
611 3172 631 3217 si
646 3171 753 3219 redditus
768 3170 849 3217 indole
866 3172 916 3217 nuti

385 3253 453 3299 Felix
469 3264 516 3298 tun
531 3252 601 3298 simili
617 3252 752 3313 posteritate
767 3260 841 3312 poter.

335 3336 414 3395 liujus
430 3334 555 3389 vulnificis,
572 3334 641 3379 utin
656 3332 764 3385 ludente,
781 3332 889 3384 cannonis

383 3416 433 3462 ileo
449 3416 541 3461 Tin-nm
556 3414 648 3475 potior,
663 3428 707 3459 neo
721 3413 842 3459 Iuvenilis
857 3413 908 3459 orit.

336 3494 448 3541 Restituit
463 3502 566 3539 veterem
581 3492 686 3539 censorin
701 3492 757 3537 lima
771 3492 902 3553 pudorem

384 3575 493 3635 Dumque
509 3573 582 3619 molon
597 3572 684 3633 eupit,
699 3571 806 3633 precipit
824 3586 875 3617 esse
889 3570 975 3616 bonos.

151 3734 187 3785 De
199 3752 232 3786 eo
248 3731 310 3786 vid.
322 3730 495 3785 Wernsdorl.
509 3732 582 3785 Post.
597 3734 642 3785 let.
655 3731 720 3784 min.
736 3742 754 3784 t.
768 3732 825 3797 111,
837 3748 864 3800 p.
880 3748 914 3785 on
926 3748 966 3799 sq.
981 3741 1001 3780 t.
1013 3729 1063 3794 lv,
1074 3748 1101 3801 p.
1114 3732 1170 3796 824
1183 3754 1221 3805 sq,

151 3812 262 3867 Mnitnm
285 3814 355 3866 locis
375 3830 409 3866 ex
430 3812 464 3865 iis
485 3812 662 3876 carminibus,
684 3812 706 3865 si
728 3821 913 3881 superessent,
933 3820 1084 3880 temporum
1104 3811 1222 3867 historio

153 3906 235 3961 posset
251 3892 392 3959 adlrmtli,
412 3904 440 3945 st
459 3910 514 3944 non
533 3910 632 3962 prum,
654 3910 712 3963 quae
734 3888 897 3943 Claudianus
917 3888 1075 3955 oelebrnvit,
1099 3892 1174 3945 aliter
1193 3914 1221 3947 se

154 3968 243 4025 hum
263 3990 497 4045 eognosceromus.
522 3973 668 4033 Curetum,
690 3990 755 4023 num
776 3970 979 4039 epigrammata,
998 3988 1056 4041 quae
1076 3973 1126 4024 snb
1149 3974 1220 4026 illius

157 4054 255 4107 nornine
272 4052 441 4122 Antbologia
456 4052 547 4105 Grooa
566 4050 764 4122 complectitur,
782 4045 900 4119 ejusdem
918 4050 1031 4103 auctoris
1051 4051 1119 4115 sint,
1137 4044 1222 4124 quum

156 4129 229 4183 satem
242 4136 373 4205 pinque
387 4150 444 4185 non
457 4132 585 4197 babeant,
598 4128 714 4184 dubitari
726 4129 817 4183 saltem
830 4140 924 4199 potest.

1021 4210 1065 4305 ,a
