3075 4950
256 438 331 527 540
494 442 568 509 CL.
597 439 904 510 CLAUDIANI
928 440 1083 509 XVIII.

253 578 331 645 Non
353 588 498 643 matium
514 571 637 668 pilenta
654 573 756 667 sequi.
778 573 854 648 Neu
875 573 983 667 prisea
1004 570 1197 661 revolvam,

254 685 328 750 Neu
347 704 542 761 numerem,
559 680 692 774 quantis
710 679 832 773 injuria
850 676 940 747 mille
957 703 1019 774 per
1039 702 1144 749 annos
1290 696 1330 750 ⁶7⁵

254 789 307 855 Fit
328 800 418 855 retro
438 781 593 856 ducibus!
614 787 732 881 quanti
747 784 928 854 foedabitur
949 788 1009 854 aevi

253 888 417 963 Canities!
439 915 541 961 unam
562 891 706 961 subeunt
723 905 806 985 quot
822 890 941 961 saecula
956 889 1109 986 culpam!

254 1001 348 1069 Inter
362 1000 523 1069 Arinthaei
542 997 646 1069 fastus
666 1014 700 1068 et
715 1023 839 1067 nornen
856 998 961 1068 h'eriIe

253 1108 376 1175 Servus
392 1107 472 1193 erit,
492 1105 696 1200 dominoque
713 1130 790 1174 suos
811 1096 943 1200 aqualis
963 1106 1108 1175 honores

253 1215 392 1282 Inseret.
412 1215 510 1299 Heu,
527 1236 659 1306 semper
675 1209 844 1281 Ptolemaei
862 1214 961 1281 noxia
979 1212 1106 1281 mundo
1291 1226 1332 1271 ⁴⁶⁸⁰

255 1314 439 1413 Mancipia!
462 1344 505 1387 en
524 1317 589 1388 alio
606 1317 708 1388 Iaedor
723 1320 876 1414 graviore
898 1318 1058 1405 Pothino,

159 1560 161 1564 ⁴
254 1576 286 1618 ut
299 1565 435 1619 oonsuIem
449 1564 479 1616 in
496 1564 561 1617 sella
573 1562 663 1617 curuli
677 1562 798 1635 porta-⁵
857 1570 923 1634 ⁴77·
936 1562 1033 1617 Satala
1048 1561 1331 1617 Memnona-Cul-

254 1658 313 1699 tum
321 1656 528 1717 prosequantur.
537 1643 638 1698 IIocex
647 1644 772 1716 sequenti
811 1662 870 1713 pam
885 1663 955 1695 unam
969 1664 1019 1715 pro
1034 1662 1041 1697 :
1056 1645 1164 1715 culpam
1182 1662 1229 1696 seu
1246 1645 1330 1715 turpi-

260 1723 389 1796 adpsret:
815 1721 939 1776 tudinem
951 1723 1041 1777 unius.
1053 1724 1186 1777 Ceterum
1195 1722 1330 1777 Gesnerus

243 1841 248 1850 -.
297 1810 364 1874 474.
388 1804 497 1857 Macrum
515 1804 617 1875 pilenta.
638 1804 770 1868 Pitanos,
815 1803 956 1856 italorum
972 1802 1178 1876 accepit,quasi
1194 1804 1279 1855 Roma
1296 1802 1331 1856 de
1388 1864 1391 1869 Ι

256 1902 353 1955 genere
366 1882 486 1957 quodam
498 1885 702 1949 vehiculorum,
714 1896 772 1936 ute·
815 1901 843 1937 se
854 1884 991 1955 quuatur,
1001 1902 1060 1955 quta
1071 1902 1151 1955 supra
1160 1884 1233 1936 mille
1245 1902 1330 1936 annos

255 1966 353 2024 bantsu
361 1964 523 2017 matt-onatin
531 1982 631 2035 pompa
640 1960 675 2017 ad
684 1962 773 2032 ludos,
815 1962 921 2017 vixerit.
931 1964 993 2029 Quo
1003 1965 1167 2030 factumest,
1178 1975 1210 2016 ut
1219 1965 1330 2015 canitiem

255 2044 297 2097 vel
317 2062 410 2110 sacra,
427 2046 482 2113 jam
502 2044 615 2115 antiquo
640 2054 771 2115 tempore.
815 2061 923 2114 quoque
941 2041 976 2097 ad
994 2044 1066 2097 illam
1087 2044 1214 2097 traheret.
1227 2044 1330 2097 Verum

256 2121 323 2179 vid.
333 2122 493 2189 Tit.Liv.V,
503 2120 772 2194 25;VirgII.tEneid.
815 2124 900 2175 Roma
916 2142 973 2176 uon
995 2142 1060 2177 anus
1078 2124 1202 2195 fingitur,
1222 2122 1284 2191 sed,
1300 2137 1332 2177 ut

261 2204 346 2269 VIII,
361 2202 417 2257 665
430 2222 471 2273 sq.
607 2259 611 2267 ,
815 2200 882 2267 dea,
899 2215 939 2257 est
957 2203 1080 2265 ἀθάνατος
1101 2203 1142 2256 καὶ
1163 2204 1280 2276 ἀγήραος.
1291 2236 1331 2247 -

296 2280 351 2355 475
360 2322 368 2347 ‚
378 2286 444 2354 476.
454 2282 595 2347 Numenii,
605 2281 662 2335 soil.
672 2281 772 2353 priten,
815 2282 931 2337 Subeanr.
945 2282 999 2335 Atii
1013 2284 1123 2337 subeant.

256 2362 350 2429 idest,
363 2363 482 2435 singulos
493 2361 575 2433 prisci
586 2362 635 2415 tevi
647 2360 719 2415 viros
732 2380 773 2415 re·
857 2364 924 2433 478.
940 2362 1083 2416 Arinthoeus
1095 2364 1187 2418 consul
1201 2364 1255 2416 tuit
1268 2382 1330 2416 cum

255 2461 394 2511 censeam,
408 2444 506 2515 quibus
516 2442 673 2515 injuriafiat
682 2442 773 2513 hujus·
815 2441 940 2496 Modesto
954 2445 986 2496 A.
1000 2444 1031 2498 C.
1047 2451 1100 2516 37²
1119 2464 1151 2498 ex
1164 2440 1277 2497 Relaudi
1287 2462 1332 2496 ra-

257 2523 333 2577 modi
345 2524 464 2577 consulis
477 2524 614 2577 electione.
630 2522 774 2576 Nihilomi·
816 2523 943 2577 tionibus.
953 2525 1097 2596 Eutropius
1108 2524 1274 2596 iginnxxv
1286 2543 1333 2576 an·

247 2623 309 2657 ,nus
324 2616 413 2657 tamen
428 2604 481 2657 hoc
492 2605 547 2676 jam
560 2603 622 2656 satis
637 2621 772 2675 superque
815 2604 857 2656 nis
870 2617 931 2675 post
939 2605 1032 2658 consul
1044 2605 1103 2658 tuit.
1111 2605 1189 2658 Cous.
1198 2605 1331 2674 supra63.

256 2686 356 2738 sactum
372 2697 412 2737 est
427 2685 456 2737 iu
473 2683 674 2756 superioribus,
689 2683 726 2736 ita
742 2695 773 2736 ut
816 2683 947 2736 -Fastus
958 2685 977 2738 i.
990 2703 1017 2756 q.
1030 2685 1110 2737 fastos
1123 2703 1159 2738 sc.
1170 2685 1331 2738 consulares.

256 2765 285 2818 h.
304 2764 322 2816 I.
341 2783 399 2817 non
415 2765 539 2818 brevitati
559 2760 710 2828 studuisse,
724 2761 772 2816 sed
815 2764 924 2816 —Inter
928 2766 1012 2832 fastus
1021 2765 1146 2818 Arinthei·
1151 2805 1160 2830 ,
1170 2765 1241 2817 inter
1252 2764 1334 2818 fastos

226 2833 230 2840 ⁵
255 2841 693 2898 nominumnovorumdefeotuad
701 2843 773 2896 hanc
815 2843 978 2909 consulares,
987 2845 1015 2897 in
1024 2844 1261 2916 quibusArinthaei
1270 2863 1334 2897 cou-

258 2925 387 2978 orationis
406 2923 520 2994 figuram
541 2923 694 2996 compulsus
716 2942 773 2976 esse
816 2923 880 2976 aulis
900 2943 999 2977 nomeu
1017 2924 1123 2996 legitur.
1138 2956 1180 2968 -
1193 2925 1232 2977 Et
1247 2944 1334 2976 nomen

257 3018 336 3075 poeta
349 3003 481 3057 videatur.
494 3005 582 3056 Locus
595 3005 705 3056 fortasse
715 3021 773 3056 eor-
816 3003 904 3068 Inrile,
921 3004 1061 3075 inquibus
1075 3004 1148 3058 fastis
1160 3022 1259 3057 nomen
1275 3007 1333 3074 ejus

257 3097 354 3155 ruptus
366 3095 414 3136 est.
428 3081 563 3155 Equidem
577 3082 719 3136 Heinsium
734 3103 774 3136 se·
815 3083 928 3154 legitur,
949 3085 1026 3155 cujus
1043 3101 1136 3138 servus
1155 3085 1220 3136 olim
1237 3085 1334 3138 Eutro-

256 3177 358 3234 quutus
368 3182 441 3226 sum,
452 3163 500 3233 qui
511 3183 563 3234 pro
576 3163 617 3215 Sit
629 3167 699 3234 conj.
716 3163 771 3216 Fit.
820 3163 881 3234 pius
893 3163 952 3216 fuit.
997 3211 999 3214 .

257 3244 399 3314 --Injuria¹
412 3242 533 3312 Dignitss
544 3242 617 3294 enim
625 3243 772 3296 consularis
857 3249 931 3314 479,
944 3245 1006 3307 480.
1020 3244 1118 3306 linerat,
1129 3243 1186 3296 scil.
1200 3243 1283 3296 tastis.
1292 3275 1333 3292 -.

257 3324 333 3394 quasi
350 3322 459 3375 infamia
475 3320 599 3392 adspersa
614 3334 671 3398 est,
687 3341 772 3393 quum
816 3323 928 3375 Honores
950 3323 1054 3394 aquales
1074 3325 1188 3387 domina,
1204 3323 1223 3375 i.
1242 3343 1266 3376 e.
1286 3321 1334 3376 do·

257 3403 397 3474 eunuchus
407 3419 466 3454 eam
476 3401 612 3467 obtineat,
624 3402 722 3473 illaque
732 3403 773 3454 in·
815 3403 882 3456 mini
890 3403 1227 3458 honoribus-Ptolemaei.
1237 3403 1333 3476 Supra,

258 3484 337 3536 famia
351 3481 385 3535 ad
397 3499 490 3534 omnes
503 3482 772 3552 consulespertiuet,
815 3501 841 3536 v.
865 3487 918 3550 61,
933 3485 1004 3537 inter
1021 3481 1148 3536 dominos
1164 3483 1290 3555 Eutropii
1310 3484 1333 3536 is

170 3558 174 3564 ’
257 3575 431 3635 quotcunque
447 3561 563 3627 fuerint3
579 3561 678 3634 injuria
691 3562 773 3633 igitur
818 3577 937 3616 vocatur.
966 3563 1094 3635 Intelligit
1120 3575 1208 3616 autem
1236 3565 1334 3617 Noster

256 3662 349 3697 omues
364 3642 535 3696 adficiuntur.
549 3642 592 3696 CI.
612 3643 683 3695 infra
704 3645 771 3706 684.
816 3661 915 3698 nomen
944 3643 1072 3696 Ptolemoei
1103 3643 1131 3696 in
1163 3644 1334 3708 universum,

259 3725 396 3793 -Quanti
408 3713 700 3795 oeniprozquam'longi
714 3721 771 3775 nvi.
816 3741 871 3775 nou
899 3737 1029 3795 quatenus
1059 3737 1158 3777 certam
1187 3741 1333 3795 personam

257 3804 469 3856 -Cunitiesuon
480 3803 567 3856 solum
575 3803 771 3874 antiquitatem,
816 3801 946 3874 designat.
960 3803 1055 3856 Servos
1073 3803 1210 3857 Ptolemaei
1225 3819 1333 3870 semper

259 3881 307 3934 sed
329 3883 410 3934 etiarn
428 3883 629 3936 venerationem
650 3883 773 3935 involvit.
816 3883 912 3936 noxios
929 3883 1024 3948 tuisse,
1043 3883 1165 3956 exemplo
1184 3883 1297 3934 illustrat
1316 3901 1333 3934 a

260 3961 356 4031 Quanti
363 3967 409 4014 oeni
416 3967 515 4015 canities
524 3963 643 4034 positum
653 3976 692 4016 est
699 3982 750 4034 pro
763 3982 770 4014 τ
815 3963 972 4029 PtoIemaeo,
983 3964 1092 4035 AEgypti
1103 3979 1183 4034 rege,
1204 3973 1311 4032 sumpto
1322 3998 1331 4024 ,

259 4059 338 4112 quam
351 4043 430 4094 multi
442 4044 563 4097 consules
574 4043 676 4113 antiqui
690 4056 717 4096 et
729 4062 773 4096 ve·
816 4043 891 4114 cujus
914 4043 992 4114 pueri
1016 4043 1147 4096 nutricius
1172 4041 1223 4095 fuit
1244 4059 1332 4094 eunu-

260 4120 381 4174 neraudi.
816 4123 882 4175 chus
895 4123 1041 4187 Pothinus,
1059 4123 1106 4192 qui
1122 4123 1232 4176 Achillea
1247 4140 1331 4174 manu
