3075 4950
412 437 468 508 ΙΝ
496 430 570 504 CL
601 431 979 505 CLAUDlA-NUM.
1186 458 1222 506 tt

195 558 269 620 Diu
283 558 351 638 jam
368 556 586 620 arbetoribus
599 572 667 620 erat
683 570 869 644 receptum,
886 569 926 617 ut
937 555 1092 618 Veterum
1108 558 1229 620 oratio·

151 658 266 740 nibus,
281 657 534 748 praclarissimis
547 673 669 722 nature
682 672 782 744 utque
791 655 912 745 ingenii
926 655 1067 738 fretibus,
1077 660 1229 739 excussis,

151 781 219 823 non
226 761 343 826 solum
353 779 464 826 rerum
470 759 702 841 intentionenr,
710 757 805 824 sedet
811 757 1081 848 compositionem
1087 779 1231 824 omnem·

150 882 216 949 que
225 864 455 940 elocutionem
465 861 506 927 ad
515 875 617 926 certas
627 860 914 950 praeceptioneulas
924 874 1126 941 revocarent,
1138 861 1230 924 iude-

148 987 216 1051 que
232 981 343 1030 aruem
359 965 540 1044 efficerent,
549 979 613 1051 qua
629 962 702 1050 quis
716 961 896 1025 instructus
909 960 1070 1024 orationes
1084 978 1151 1023 non
1167 960 1230 1025 illis

150 1065 314 1150 quidem,
327 1089 368 1130 ex
380 1066 502 1154 quibus
515 1064 634 1153 regulae
648 1076 740 1127 erent
751 1053 916 1143 deduttoe,
930 1081 1039 1149 pares,
1049 1059 1109 1124 aed
1117 1081 1229 1126 eertum

149 1164 390 1232 similitudines
415 1164 576 1231 imitando
597 1181 760 1252 expressas
787 1178 898 1250 posset
921 1162 1096 1227 elaborare.
1114 1164 1153 1226 ln
1169 1164 1232 1228 bac

150 1283 221 1331 arte
240 1267 442 1358 perficienda
458 1281 492 1332 et
509 1265 735 1355 locupletanda
752 1287 821 1354 quo
837 1264 939 1354 magis
958 1279 1050 1329 erant
1065 1267 1213 1353 occupati
1219 1275 1244 1348 ,³

150 1386 190 1431 eo
213 1371 398 1458 proclivior
420 1367 553 1458 quidem
577 1368 628 1431 via
647 1366 818 1431 videbatur
832 1367 958 1430 munita
981 1366 1023 1430 ad
1038 1366 1230 1453 eloquentiae
1290 1382 1294 1389 ’

152 1471 290 1536 laudem
300 1473 398 1542 etiam
413 1471 469 1554 iis,
480 1470 599 1558 quibus
611 1468 737 1533 aditum
753 1467 795 1532 ad
810 1483 977 1532 oratorum
985 1483 1106 1532 eretum
1116 1477 1230 1532 natura

153 1593 248 1658 poene
261 1587 453 1664 negaverat3
467 1571 575 1636 sedeo
587 1572 687 1660 tnagis
700 1571 829 1660 ingenia
841 1571 926 1658 ipsa,
938 1593 1011 1659 qtue
1019 1572 1123 1635 libero
1132 1591 1229 1634 cursu

155 1671 266 1737 forsan
281 1693 411 1738 summa
429 1673 627 1761 attigissent,
642 1672 989 1761 praeceptiuueularum
1001 1672 1157 1760 angustiis
1168 1673 1230 1736 cir·

154 1777 372 1863 cumscripta,
390 1773 472 1839 dunt
488 1773 636 1838 locorum
652 1774 746 1862 copia
761 1789 859 1860 atque
874 1773 1022 1839 ubertate
1037 1789 1159 1862 parata,
1176 1797 1228 1837 re·

157 1863 249 1940 moto
262 1877 384 1942 mentis
393 1878 428 1940 in
439 1874 636 1941 inveniendo
646 1891 678 1939 et
689 1875 901 1965 excogitando
909 1876 1034 1958 labore,
1046 1886 1228 1955 uterentur,

158 1991 292 2066 torpore
307 1977 452 2066 quodam
468 1963 705 2042 exarescebant.
718 1975 810 2041 Idem
826 1979 893 2042 fere
907 1979 940 2042 in
954 1979 1097 2066 poetices
1112 1979 1228 2043 studiis

157 2073 313 2144 accidisse
324 2091 482 2168 perquam
494 2088 542 2143 est
550 2078 733 2169 probabile,
743 2101 846 2168 quum
856 2098 892 2144 ea
901 2096 1026 2170 partem
1036 2080 1229 2168 eloquentiae

159 2183 357 2261 constituat,
381 2195 438 2245 aut
451 2182 563 2245 saltem
582 2181 775 2268 cognatione
796 2183 971 2245 arctissime
991 2202 1062 2246 earn
1081 2183 1226 2270 attingat.

162 2281 243 2362 Qnae
259 2297 371 2346 tamen
388 2302 439 2346 res
456 2300 530 2346 suas
550 2281 691 2346 hahebat
713 2280 917 2347 difficultates
938 2307 1006 2346 non
1024 2283 1116 2347 facile
1131 2305 1228 2372 supe-

161 2383 288 2450 randas.
308 2385 504 2450 Orationum
523 2385 612 2448 enim
628 2397 743 2447 natura
759 2384 804 2449 ita
819 2398 1002 2472 comparata
1019 2401 1085 2464 est,
1103 2399 1141 2447 ut
1155 2406 1229 2472 par·

164 2488 243 2550 tium
256 2487 432 2575 descriptio
445 2488 479 2551 in
496 2486 650 2552 omnibus
663 2488 731 2551 fere
748 2488 791 2551 sit
804 2486 935 2571 eadem,
947 2505 979 2552 et
995 2504 1033 2552 ut
1045 2486 1228 2569 diversitas,

164 2586 188 2649 si
206 2610 279 2675 qua.
293 2602 358 2671 est,
379 2606 399 2651 a
419 2604 623 2675 temporum,
646 2608 772 2669 rerum,
791 2610 1004 2676 personarum
1026 2606 1059 2654 et
1079 2588 1227 2653 locorum

165 2689 287 2752 ratione
300 2688 394 2752 facile
407 2688 510 2777 possit
526 2688 628 2777 repeti
646 2706 679 2753 et
699 2688 740 2753 ad
754 2692 1015 2779 certasregulas‚
1034 2688 1229 2777 easdemque

165 2812 294 2877 paucas,
307 2791 464 2855 revocari:
479 2791 671 2855 Carminum
690 2807 800 2855 autem
819 2814 938 2880 genera
952 2812 1019 2855 non
1033 2791 1140 2854 solum
1153 2788 1228 2853 infi-

166 2888 247 2972 nita,
263 2890 322 2956 aed
337 2891 558 2956 etiamnatura
574 2911 632 2955 sua
653 2907 721 2956 tarn
738 2890 863 2955 diversa
881 2906 976 2971 sunt,
989 2906 1043 2967 ut,
1060 2890 1087 2954 si
1104 2890 1230 2979 singula

166 2991 310 3076 quedam
335 2992 489 3079 excipias,
511 2990 704 3080 compositio
728 3014 841 3057 earum
864 2990 907 3055 ad
929 3008 1087 3080 praeeepta
1110 2991 1229 3057 deduci

168 3109 311 3180 nequeat.
329 3095 443 3182 Longe
463 3092 555 3156 aliter
575 3108 684 3156 autem
703 3114 807 3156 seres
827 3092 943 3157 habuit
956 3092 991 3155 in
1006 3093 1147 3176 ratione,
1165 3116 1230 3182 qua

169 3214 216 3257 res
228 3210 262 3259 et
270 3195 436 3260 sententiar
444 3210 613 3283 poetarum
626 3214 718 3259 more
727 3194 853 3283 possint
864 3194 982 3276 efferri,
989 3216 1048 3260 seu
1057 3194 1090 3257 in
1100 3194 1229 3259 dicendi

167 3318 281 3383 genere
300 3314 333 3361 et
350 3313 471 3361 ornatu
489 3296 592 3383 poetis
615 3297 766 3385 proprio,
784 3319 888 3386 quum
904 3296 973 3386 ipse
987 3316 1109 3376 sermo,
1128 3317 1229 3383 quem

167 3398 378 3486 antiquissimi
400 3400 624 3462 Romanorum
647 3412 752 3485 poetae
774 3396 1005 3477 adhibuerant,
1027 3397 1230 3483 posterisque

166 3497 386 3588 adoptandum
405 3499 617 3585 reliquerant,
639 3520 679 3561 ex
695 3520 799 3589 graeco
822 3498 913 3590 fonte
933 3494 1078 3576 fluxerit,
1101 3511 1134 3559 et
1150 3517 1228 3582 pro·

166 3612 271 3687 pterea
294 3598 443 3663 imitandi
463 3597 687 3681 consuetudo,
704 3599 907 3685 antiquitatis
925 3596 1118 3661 auctoritate
1137 3613 1229 3660 com·

166 3700 333 3780 mendatis,
348 3699 435 3789 apud
457 3702 622 3763 Romanos
643 3699 842 3765 inveteravit
864 3698 916 3763 Ad
932 3717 1003 3761 eam
1017 3698 1117 3787 igitur
1129 3699 1228 3787 partis

166 3800 332 3866 rhetoricae
339 3799 602 3880 similitudinem,
612 3814 683 3888 quae
693 3799 734 3864 de
744 3799 1060 3885 enunciationeagit,
1070 3800 1229 3863 acutiores

168 3904 262 3993 nugis
273 3926 374 3993 quam
386 3902 620 3991 ingeniosiores
636 3917 736 3965 totam
754 3900 912 3965 sermonis
926 3900 1043 3987 poetici
1053 3900 1228 3979 rationem,
1241 3940 1244 3946 -

170 4024 273 4069 ornnes
298 4020 431 4094 tropos,
446 4001 580 4091 figuras,
596 4004 750 4091 imagines
767 3990 808 4067 ad
826 4018 913 4067 certa
932 4022 1050 4091 genera
1065 4018 1096 4065 et
1115 4001 1229 4064 classes

169 4126 308 4170 revocare
324 4118 517 4191 coeperunt,
533 4119 570 4165 ut
587 4118 693 4166 totum
711 4119 898 4191 apparatum
916 4102 1081 4189 poeticum
1097 4101 1229 4164 scientia
