<?xml version="1.0" encoding="UTF-8"?>
<!DOCTYPE html PUBLIC "-//W3C//DTD XHTML 1.0 Transitional//EN"
    "http://www.w3.org/TR/xhtml1/DTD/xhtml1-transitional.dtd">
<html xmlns="http://www.w3.org/1999/xhtml" xml:lang="en" lang="en">
 <head>
  <title>
</title>
<meta http-equiv="Content-Type" content="text/html;charset=utf-8" />
  <meta name='ocr-system' content='tesseract 3.04.00' />
  <meta name='ocr-capabilities' content='ocr_page ocr_carea ocr_par ocr_line ocrx_word'/>
</head>
<body>
  <div class='ocr_page' id='page_1' title='image "./claudiiclaudian00artagoog/claudiiclaudian00artagoog_0114.png"; bbox 0 0 3075 4950; ppageno 0'>
   <div class='ocr_carea' id='block_1_1' title="bbox 312 422 933 522">
    <p class='ocr_par' dir='ltr' id='par_1_1' title="bbox 312 422 933 522">
     <span class='ocr_line' id='line_1_1' title="bbox 312 422 933 522; baseline -0.01 -25"><span class='ocrx_word' id='word_1_1' title='bbox 312 448 362 522; x_wconf 89' lang='lat'><strong>9⁰</strong></span> <span class='ocrx_word' id='word_1_2' title='bbox 750 422 933 492; x_wconf 85' lang='lat' dir='ltr'><strong>SERIES</strong></span> 
     </span>
    </p>
   </div>
   <div class='ocr_carea' id='block_1_2' title="bbox 310 540 1399 1962">
    <p class='ocr_par' dir='ltr' id='par_1_2' title="bbox 310 540 1399 1962">
     <span class='ocr_line' id='line_1_2' title="bbox 310 540 1399 640; baseline -0.009 -17"><span class='ocrx_word' id='word_1_3' title='bbox 310 551 414 623; x_wconf 82' lang='lat' dir='ltr'><strong>nario</strong></span> <span class='ocrx_word' id='word_1_4' title='bbox 433 544 711 619; x_wconf 75' lang='lat' dir='ltr'><strong>custodirentur.</strong></span> <span class='ocrx_word' id='word_1_5' title='bbox 735 540 1249 640; x_wconf 81' lang='lat' dir='ltr'><strong>Olympiodor.ap.Photiuu1</strong></span> <span class='ocrx_word' id='word_1_6' title='bbox 1269 542 1291 612; x_wconf 88' lang='lat'><strong>1.</strong></span> <span class='ocrx_word' id='word_1_7' title='bbox 1316 566 1399 613; x_wconf 82' lang='lat' dir='ltr'><strong>su-</strong></span> 
     </span>
     <span class='ocr_line' id='line_1_3' title="bbox 312 648 1395 754; baseline -0.006 -24"><span class='ocrx_word' id='word_1_8' title='bbox 312 680 379 754; x_wconf 86' lang='lat' dir='ltr'><strong>pra</strong></span> <span class='ocrx_word' id='word_1_9' title='bbox 399 654 422 726; x_wconf 92' lang='lat' dir='ltr'><strong>l.</strong></span> <span class='ocrx_word' id='word_1_10' title='bbox 442 652 498 728; x_wconf 90' lang='lat' dir='ltr'><strong>lbi</strong></span> <span class='ocrx_word' id='word_1_11' title='bbox 525 678 674 751; x_wconf 89' lang='lat' dir='ltr'><strong>quoque</strong></span> <span class='ocrx_word' id='word_1_12' title='bbox 694 650 839 727; x_wconf 81' lang='lat' dir='ltr'><strong>barbari</strong></span> <span class='ocrx_word' id='word_1_13' title='bbox 859 652 967 725; x_wconf 89' lang='lat' dir='ltr'><strong>annis</strong></span> <span class='ocrx_word' id='word_1_14' title='bbox 988 648 1112 726; x_wconf 84' lang='lat' dir='ltr'><strong>ferreis</strong></span> <span class='ocrx_word' id='word_1_15' title='bbox 1126 653 1395 739; x_wconf 87' lang='lat' dir='ltr'><strong>instruuntur,</strong></span> 
     </span>
     <span class='ocr_line' id='line_1_4' title="bbox 313 760 1392 861; baseline -0.002 -25"><span class='ocrx_word' id='word_1_16' title='bbox 313 762 449 861; x_wconf 90' lang='lat' dir='ltr'><strong>quibus</strong></span> <span class='ocrx_word' id='word_1_17' title='bbox 466 780 572 836; x_wconf 85' lang='lat' dir='ltr'><strong>antea</strong></span> <span class='ocrx_word' id='word_1_18' title='bbox 596 777 807 851; x_wconf 85' lang='lat' dir='ltr'>caruerant,</span> <span class='ocrx_word' id='word_1_19' title='bbox 835 761 1021 837; x_wconf 87' lang='lat' dir='ltr'><strong>Claudian.</strong></span> <span class='ocrx_word' id='word_1_20' title='bbox 1042 768 1177 852; x_wconf 85' lang='lat' dir='ltr'>XXVI,</span> <span class='ocrx_word' id='word_1_21' title='bbox 1199 760 1270 835; x_wconf 81' lang='lat'><strong>566</strong></span> <span class='ocrx_word' id='word_1_22' title='bbox 1295 787 1392 860; x_wconf 85' lang='lat' dir='ltr'><strong>sqq.</strong></span> 
     </span>
     <span class='ocr_line' id='line_1_5' title="bbox 313 871 1394 973; baseline 0.002 -30"><span class='ocrx_word' id='word_1_23' title='bbox 313 874 465 972; x_wconf 76' lang='lat' dir='ltr'>ipseque</span> <span class='ocrx_word' id='word_1_24' title='bbox 477 877 645 950; x_wconf 72' lang='lat' dir='ltr'><strong>Alaricus</strong></span> <span class='ocrx_word' id='word_1_25' title='bbox 656 871 703 947; x_wconf 87' lang='lat' dir='ltr'><strong>ab</strong></span> <span class='ocrx_word' id='word_1_26' title='bbox 717 874 788 947; x_wconf 85' lang='lat' dir='ltr'><strong>illis</strong></span> <span class='ocrx_word' id='word_1_27' title='bbox 799 899 864 946; x_wconf 84' lang='lat' dir='ltr'><strong>rex</strong></span> <span class='ocrx_word' id='word_1_28' title='bbox 876 872 1090 960; x_wconf 78' lang='lat' dir='ltr'><strong>declaratur,</strong></span> <span class='ocrx_word' id='word_1_29' title='bbox 1106 874 1223 973; x_wconf 89' lang='lat' dir='ltr'><strong>clipeo</strong></span> <span class='ocrx_word' id='word_1_30' title='bbox 1240 873 1287 945; x_wconf 89' lang='lat' dir='ltr'><strong>de</strong></span> <span class='ocrx_word' id='word_1_31' title='bbox 1302 898 1394 945; x_wconf 89' lang='lat' dir='ltr'><strong>mo·</strong></span> 
     </span>
     <span class='ocr_line' id='line_1_6' title="bbox 313 983 1394 1083; baseline 0 -29"><span class='ocrx_word' id='word_1_32' title='bbox 313 1009 353 1057; x_wconf 91' lang='lat' dir='ltr'><strong>re</strong></span> <span class='ocrx_word' id='word_1_33' title='bbox 360 984 533 1059; x_wconf 85' lang='lat' dir='ltr'><strong>sublatus.</strong></span> <span class='ocrx_word' id='word_1_34' title='bbox 543 985 728 1083; x_wconf 85' lang='lat' dir='ltr'><strong>(Iomand.</strong></span> <span class='ocrx_word' id='word_1_35' title='bbox 744 984 790 1058; x_wconf 90' lang='lat' dir='ltr'><strong>de</strong></span> <span class='ocrx_word' id='word_1_36' title='bbox 804 984 880 1059; x_wconf 87' lang='lat' dir='ltr'><strong>reb.</strong></span> <span class='ocrx_word' id='word_1_37' title='bbox 892 989 973 1057; x_wconf 88' lang='lat' dir='ltr'><strong>Get.</strong></span> <span class='ocrx_word' id='word_1_38' title='bbox 993 984 1066 1082; x_wconf 78' lang='lat' dir='ltr'><strong>aq),</strong></span> <span class='ocrx_word' id='word_1_39' title='bbox 1076 983 1261 1083; x_wconf 82' lang='lat' dir='ltr'><strong>fidemque</strong></span> <span class='ocrx_word' id='word_1_40' title='bbox 1274 1008 1394 1057; x_wconf 85' lang='lat' dir='ltr'><strong>suam-</strong></span> 
     </span>
     <span class='ocr_line' id='line_1_7' title="bbox 312 1093 1391 1193; baseline -0.004 -25"><span class='ocrx_word' id='word_1_41' title='bbox 312 1093 424 1168; x_wconf 87' lang='lat' dir='ltr'><strong>modo</strong></span> <span class='ocrx_word' id='word_1_42' title='bbox 452 1096 645 1182; x_wconf 79' lang='lat' dir='ltr'><strong>Honorio,</strong></span> <span class='ocrx_word' id='word_1_43' title='bbox 671 1094 783 1170; x_wconf 87' lang='lat' dir='ltr'><strong>modo</strong></span> <span class='ocrx_word' id='word_1_44' title='bbox 808 1093 986 1183; x_wconf 85' lang='lat' dir='ltr'><strong>Arcadio,</strong></span> <span class='ocrx_word' id='word_1_45' title='bbox 1018 1096 1100 1193; x_wconf 88' lang='lat' dir='ltr'><strong>plus</strong></span> <span class='ocrx_word' id='word_1_46' title='bbox 1129 1118 1273 1193; x_wconf 85' lang='lat' dir='ltr'><strong>semper</strong></span> <span class='ocrx_word' id='word_1_47' title='bbox 1299 1094 1391 1166; x_wconf 87' lang='lat' dir='ltr'><strong>lici-</strong></span> 
     </span>
     <span class='ocr_line' id='line_1_8' title="bbox 312 1203 1389 1301; baseline -0.003 -24"><span class='ocrx_word' id='word_1_48' title='bbox 312 1207 423 1293; x_wconf 88' lang='lat' dir='ltr'><strong>tanti,</strong></span> <span class='ocrx_word' id='word_1_49' title='bbox 441 1204 586 1278; x_wconf 78' lang='lat' dir='ltr'><strong>addicit.</strong></span> <span class='ocrx_word' id='word_1_50' title='bbox 607 1204 793 1278; x_wconf 84' lang='lat' dir='ltr'><strong>Claudian.</strong></span> <span class='ocrx_word' id='word_1_51' title='bbox 814 1210 951 1293; x_wconf 84' lang='lat' dir='ltr'>XXVI,</span> <span class='ocrx_word' id='word_1_52' title='bbox 970 1203 1041 1281; x_wconf 87' lang='grc'><strong>566</strong></span> <span class='ocrx_word' id='word_1_53' title='bbox 1055 1228 1134 1301; x_wconf 90' lang='lat' dir='ltr'><strong>sqq.</strong></span> <span class='ocrx_word' id='word_1_54' title='bbox 1157 1208 1389 1301; x_wconf 80' lang='lat' dir='ltr'><strong>Quanquam</strong></span> 
     </span>
     <span class='ocr_line' id='line_1_9' title="bbox 312 1314 1388 1414; baseline -0.003 -27"><span class='ocrx_word' id='word_1_55' title='bbox 312 1329 434 1389; x_wconf 88' lang='lat' dir='ltr'><strong>autem</strong></span> <span class='ocrx_word' id='word_1_56' title='bbox 455 1314 601 1388; x_wconf 78' lang='lat' dir='ltr'><strong>Stilicho</strong></span> <span class='ocrx_word' id='word_1_57' title='bbox 616 1315 781 1389; x_wconf 83' lang='lat' dir='ltr'><strong>Arcadio</strong></span> <span class='ocrx_word' id='word_1_58' title='bbox 802 1316 997 1414; x_wconf 85' lang='lat' dir='ltr'><strong>paruisset,</strong></span> <span class='ocrx_word' id='word_1_59' title='bbox 1021 1329 1144 1387; x_wconf 88' lang='lat' dir='ltr'><strong>tamen</strong></span> <span class='ocrx_word' id='word_1_60' title='bbox 1169 1315 1388 1387; x_wconf 88' lang='lat' dir='ltr'><strong>Constanti-</strong></span> 
     </span>
     <span class='ocr_line' id='line_1_10' title="bbox 312 1424 1387 1524; baseline -0.003 -26"><span class='ocrx_word' id='word_1_61' title='bbox 312 1426 439 1524; x_wconf 89' lang='lat' dir='ltr'><strong>nopoli</strong></span> <span class='ocrx_word' id='word_1_62' title='bbox 456 1424 570 1497; x_wconf 80' lang='lat' dir='ltr'><strong>hostis</strong></span> <span class='ocrx_word' id='word_1_63' title='bbox 587 1424 755 1524; x_wconf 87' lang='lat' dir='ltr'><strong>publicus</strong></span> <span class='ocrx_word' id='word_1_64' title='bbox 772 1425 984 1499; x_wconf 87' lang='lat' dir='ltr'><strong>declaratur.</strong></span> <span class='ocrx_word' id='word_1_65' title='bbox 1004 1427 1137 1497; x_wconf 88' lang='lat' dir='ltr'><strong>Zozim.</strong></span> <span class='ocrx_word' id='word_1_66' title='bbox 1153 1430 1197 1497; x_wconf 89' lang='lat' dir='ltr'><strong>V.</strong></span> <span class='ocrx_word' id='word_1_67' title='bbox 1220 1451 1274 1496; x_wconf 85' lang='lat'><strong>11.</strong></span> <span class='ocrx_word' id='word_1_68' title='bbox 1289 1430 1387 1496; x_wconf 90' lang='lat' dir='ltr'><strong>For·</strong></span> 
     </span>
     <span class='ocr_line' id='line_1_11' title="bbox 312 1532 1384 1634; baseline -0.003 -27"><span class='ocrx_word' id='word_1_69' title='bbox 312 1559 377 1607; x_wconf 88' lang='lat' dir='ltr'><strong>san</strong></span> <span class='ocrx_word' id='word_1_70' title='bbox 404 1534 477 1609; x_wconf 92' lang='lat' dir='ltr'><strong>hoc</strong></span> <span class='ocrx_word' id='word_1_71' title='bbox 497 1537 645 1634; x_wconf 82' lang='lat' dir='ltr'><strong>respicit</strong></span> <span class='ocrx_word' id='word_1_72' title='bbox 665 1535 901 1625; x_wconf 80' lang='lat' dir='ltr'><strong>Claudianus,</strong></span> <span class='ocrx_word' id='word_1_73' title='bbox 921 1540 1043 1623; x_wconf 91' lang='lat' dir='ltr'>XXII,</span> <span class='ocrx_word' id='word_1_74' title='bbox 1068 1538 1108 1607; x_wconf 84' lang='lat'><strong>81</strong></span> <span class='ocrx_word' id='word_1_75' title='bbox 1135 1558 1216 1632; x_wconf 89' lang='lat' dir='ltr'><strong>sqq.</strong></span> <span class='ocrx_word' id='word_1_76' title='bbox 1236 1532 1384 1605; x_wconf 86' lang='lat' dir='ltr'><strong>Eodem</strong></span> 
     </span>
     <span class='ocr_line' id='line_1_12' title="bbox 311 1645 1385 1745; baseline -0.004 -26"><span class='ocrx_word' id='word_1_77' title='bbox 311 1670 409 1719; x_wconf 72' lang='lat' dir='ltr'><strong>atino</strong></span> <span class='ocrx_word' id='word_1_78' title='bbox 417 1700 428 1732; x_wconf 92' lang='lat'>‚</span> <span class='ocrx_word' id='word_1_79' title='bbox 437 1645 698 1719; x_wconf 80' lang='lat' dir='ltr'><strong>Abundantius</strong></span> <span class='ocrx_word' id='word_1_80' title='bbox 708 1648 773 1744; x_wconf 91' lang='lat' dir='ltr'><strong>qui</strong></span> <span class='ocrx_word' id='word_1_81' title='bbox 786 1652 1002 1745; x_wconf 78' lang='lat' dir='ltr'><strong>Eutropium</strong></span> <span class='ocrx_word' id='word_1_82' title='bbox 1013 1646 1058 1719; x_wconf 89' lang='lat' dir='ltr'><strong>ad</strong></span> <span class='ocrx_word' id='word_1_83' title='bbox 1071 1646 1284 1744; x_wconf 81' lang='lat' dir='ltr'><strong>dignitatem</strong></span> <span class='ocrx_word' id='word_1_84' title='bbox 1297 1660 1385 1716; x_wconf 86' lang='lat' dir='ltr'><strong>tan·</strong></span> 
     </span>
     <span class='ocr_line' id='line_1_13' title="bbox 311 1755 1387 1856; baseline -0.004 -27"><span class='ocrx_word' id='word_1_85' title='bbox 311 1770 386 1831; x_wconf 84' lang='lat' dir='ltr'><strong>tam</strong></span> <span class='ocrx_word' id='word_1_86' title='bbox 399 1770 626 1853; x_wconf 83' lang='lat' dir='ltr'><strong>provexerat,</strong></span> <span class='ocrx_word' id='word_1_87' title='bbox 637 1755 684 1829; x_wconf 85' lang='lat' dir='ltr'><strong>ab</strong></span> <span class='ocrx_word' id='word_1_88' title='bbox 697 1756 826 1830; x_wconf 86' lang='lat' dir='ltr'><strong>eodem</strong></span> <span class='ocrx_word' id='word_1_89' title='bbox 842 1756 1033 1856; x_wconf 86' lang='lat' dir='ltr'><strong>relegatur.</strong></span> <span class='ocrx_word' id='word_1_90' title='bbox 1049 1755 1236 1830; x_wconf 85' lang='lat' dir='ltr'><strong>Claudiau.</strong></span> <span class='ocrx_word' id='word_1_91' title='bbox 1250 1760 1387 1841; x_wconf 80' lang='lat' dir='ltr'>XVIII,</span> 
     </span>
     <span class='ocr_line' id='line_1_14' title="bbox 316 1864 788 1962; baseline 0.004 -27"><span class='ocrx_word' id='word_1_92' title='bbox 316 1864 384 1951; x_wconf 75' lang='lat'><strong>154</strong></span> <span class='ocrx_word' id='word_1_93' title='bbox 401 1889 483 1962; x_wconf 83' lang='lat' dir='ltr'><strong>sqq.</strong></span> <span class='ocrx_word' id='word_1_94' title='bbox 503 1868 635 1937; x_wconf 87' lang='lat' dir='ltr'><strong>Zozim.</strong></span> <span class='ocrx_word' id='word_1_95' title='bbox 658 1871 704 1957; x_wconf 88' lang='lat' dir='ltr'><strong>V,</strong></span> <span class='ocrx_word' id='word_1_96' title='bbox 733 1893 788 1938; x_wconf 87' lang='lat' dir='ltr'><strong>ro.</strong></span> 
     </span>
    </p>
   </div>
   <div class='ocr_carea' id='block_1_3' title="bbox 739 2084 952 2182">
    <p class='ocr_par' dir='ltr' id='par_1_3' title="bbox 739 2084 952 2182">
     <span class='ocr_line' id='line_1_15' title="bbox 739 2084 952 2182; baseline -0.019 -25"><span class='ocrx_word' id='word_1_97' title='bbox 739 2090 776 2157; x_wconf 79' lang='lat' dir='ltr'><strong>d.</strong></span> <span class='ocrx_word' id='word_1_98' title='bbox 804 2090 844 2155; x_wconf 89' lang='lat' dir='ltr'><strong>C.</strong></span> <span class='ocrx_word' id='word_1_99' title='bbox 871 2084 952 2182; x_wconf 82' lang='lat'><strong>397.</strong></span> 
     </span>
    </p>
   </div>
   <div class='ocr_carea' id='block_1_4' title="bbox 506 2300 1188 2375">
    <p class='ocr_par' dir='ltr' id='par_1_4' title="bbox 506 2300 1188 2375">
     <span class='ocr_line' id='line_1_16' title="bbox 506 2300 1188 2375; baseline -0.003 -2"><span class='ocrx_word' id='word_1_100' title='bbox 506 2300 559 2373; x_wconf 86' lang='lat' dir='ltr'><strong>Fi.</strong></span> <span class='ocrx_word' id='word_1_101' title='bbox 586 2303 743 2373; x_wconf 72' lang='lat' dir='ltr'><strong>Caesario</strong></span> <span class='ocrx_word' id='word_1_102' title='bbox 759 2316 796 2373; x_wconf 87' lang='lat' dir='ltr'><strong>et</strong></span> <span class='ocrx_word' id='word_1_103' title='bbox 814 2306 938 2373; x_wconf 86' lang='lat' dir='ltr'><strong>Nonio</strong></span> <span class='ocrx_word' id='word_1_104' title='bbox 955 2306 1076 2375; x_wconf 86' lang='lat' dir='ltr'><strong>Attico</strong></span> <span class='ocrx_word' id='word_1_105' title='bbox 1098 2326 1188 2375; x_wconf 85' lang='lat' dir='ltr'><strong>coss.</strong></span> 
     </span>
    </p>
   </div>
   <div class='ocr_carea' id='block_1_5' title="bbox 310 2498 1381 4158">
    <p class='ocr_par' dir='ltr' id='par_1_5' title="bbox 310 2498 1381 4158">
     <span class='ocr_line' id='line_1_17' title="bbox 314 2498 1381 2599; baseline 0.002 -25"><span class='ocrx_word' id='word_1_106' title='bbox 314 2500 442 2587; x_wconf 84' lang='lat' dir='ltr'><strong>Gildo,</strong></span> <span class='ocrx_word' id='word_1_107' title='bbox 462 2503 527 2599; x_wconf 91' lang='lat' dir='ltr'><strong>qui</strong></span> <span class='ocrx_word' id='word_1_108' title='bbox 545 2501 619 2596; x_wconf 86' lang='lat' dir='ltr'><strong>jam</strong></span> <span class='ocrx_word' id='word_1_109' title='bbox 645 2498 714 2572; x_wconf 88' lang='lat' dir='ltr'><strong>sub</strong></span> <span class='ocrx_word' id='word_1_110' title='bbox 739 2499 940 2572; x_wconf 77' lang='lat' dir='ltr'><strong>Theodosio</strong></span> <span class='ocrx_word' id='word_1_111' title='bbox 958 2503 996 2574; x_wconf 90' lang='lat' dir='ltr'><strong>in</strong></span> <span class='ocrx_word' id='word_1_112' title='bbox 1017 2500 1122 2572; x_wconf 85' lang='lat' dir='ltr'><strong>bellis</strong></span> <span class='ocrx_word' id='word_1_113' title='bbox 1143 2516 1269 2574; x_wconf 89' lang='lat' dir='ltr'><strong>contra</strong></span> <span class='ocrx_word' id='word_1_114' title='bbox 1290 2505 1381 2576; x_wconf 84' lang='lat' dir='ltr'><strong>Ma·</strong></span> 
     </span>
     <span class='ocr_line' id='line_1_18' title="bbox 311 2608 1379 2710; baseline 0 -28"><span class='ocrx_word' id='word_1_115' title='bbox 311 2617 451 2684; x_wconf 76' lang='lat' dir='ltr'><strong>acimum</strong></span> <span class='ocrx_word' id='word_1_116' title='bbox 470 2625 507 2683; x_wconf 90' lang='lat' dir='ltr'><strong>et</strong></span> <span class='ocrx_word' id='word_1_117' title='bbox 533 2615 755 2710; x_wconf 80' lang='lat' dir='ltr'><strong>Eugeniuru,</strong></span> <span class='ocrx_word' id='word_1_118' title='bbox 774 2609 893 2682; x_wconf 86' lang='lat' dir='ltr'><strong>dubiae</strong></span> <span class='ocrx_word' id='word_1_119' title='bbox 912 2608 1030 2684; x_wconf 84' lang='lat' dir='ltr'><strong>fuerat</strong></span> <span class='ocrx_word' id='word_1_120' title='bbox 1048 2609 1135 2684; x_wconf 85' lang='lat' dir='ltr'><strong>fidei</strong></span> <span class='ocrx_word' id='word_1_121' title='bbox 1159 2611 1172 2706; x_wconf 93' lang='lat'>(</span> <span class='ocrx_word' id='word_1_122' title='bbox 1191 2609 1379 2688; x_wconf 88' lang='lat' dir='ltr'><strong>Claudiau.</strong></span> 
     </span>
     <span class='ocr_line' id='line_1_19' title="bbox 312 2720 1378 2821; baseline -0.003 -26"><span class='ocrx_word' id='word_1_123' title='bbox 312 2728 398 2809; x_wconf 87' lang='lat' dir='ltr'><strong>XV,</strong></span> <span class='ocrx_word' id='word_1_124' title='bbox 417 2726 482 2810; x_wconf 77' lang='lat' dir='ltr'><strong>adr</strong></span> <span class='ocrx_word' id='word_1_125' title='bbox 505 2721 617 2821; x_wconf 85' lang='lat' dir='ltr'><strong>sqq),</strong></span> <span class='ocrx_word' id='word_1_126' title='bbox 635 2720 682 2792; x_wconf 85' lang='lat' dir='ltr'><strong>ab</strong></span> <span class='ocrx_word' id='word_1_127' title='bbox 704 2726 879 2818; x_wconf 85' lang='lat' dir='ltr'><strong>Eutropio</strong></span> <span class='ocrx_word' id='word_1_128' title='bbox 902 2745 1002 2794; x_wconf 90' lang='lat' dir='ltr'><strong>nuuc</strong></span> <span class='ocrx_word' id='word_1_129' title='bbox 1020 2721 1251 2810; x_wconf 77' lang='lat' dir='ltr'><strong>sollicitatur,</strong></span> <span class='ocrx_word' id='word_1_130' title='bbox 1273 2735 1314 2794; x_wconf 93' lang='lat' dir='ltr'><strong>ut</strong></span> <span class='ocrx_word' id='word_1_131' title='bbox 1330 2720 1378 2815; x_wconf 83' lang='lat' dir='ltr'><strong>ab</strong></span> 
     </span>
     <span class='ocr_line' id='line_1_20' title="bbox 311 2829 1377 2932; baseline -0.004 -26"><span class='ocrx_word' id='word_1_132' title='bbox 311 2838 473 2922; x_wconf 83' lang='lat' dir='ltr'><strong>Honorio</strong></span> <span class='ocrx_word' id='word_1_133' title='bbox 499 2846 623 2932; x_wconf 88' lang='lat' dir='ltr'><strong>aperte</strong></span> <span class='ocrx_word' id='word_1_134' title='bbox 642 2832 823 2904; x_wconf 85' lang='lat' dir='ltr'><strong>desciscat.</strong></span> <span class='ocrx_word' id='word_1_135' title='bbox 849 2831 981 2904; x_wconf 85' lang='lat' dir='ltr'><strong>Multas</strong></span> <span class='ocrx_word' id='word_1_136' title='bbox 1005 2833 1130 2906; x_wconf 84' lang='lat' dir='ltr'><strong>saitem</strong></span> <span class='ocrx_word' id='word_1_137' title='bbox 1153 2831 1262 2904; x_wconf 88' lang='lat' dir='ltr'><strong>urbes</strong></span> <span class='ocrx_word' id='word_1_138' title='bbox 1282 2829 1377 2902; x_wconf 79' lang='lat' dir='ltr'><strong>Afri-</strong></span> 
     </span>
     <span class='ocr_line' id='line_1_21' title="bbox 313 2941 1378 3041; baseline -0.004 -25"><span class='ocrx_word' id='word_1_139' title='bbox 313 2969 363 3016; x_wconf 86' lang='lat' dir='ltr'><strong>cae</strong></span> <span class='ocrx_word' id='word_1_140' title='bbox 390 2969 411 3013; x_wconf 91' lang='lat' dir='ltr'><strong>a</strong></span> <span class='ocrx_word' id='word_1_141' title='bbox 442 2942 597 3016; x_wconf 79' lang='lat' dir='ltr'><strong>Gildone</strong></span> <span class='ocrx_word' id='word_1_142' title='bbox 623 2941 787 3030; x_wconf 86' lang='lat' dir='ltr'><strong>traditas,</strong></span> <span class='ocrx_word' id='word_1_143' title='bbox 820 2941 1003 3014; x_wconf 84' lang='lat' dir='ltr'><strong>Arcadius</strong></span> <span class='ocrx_word' id='word_1_144' title='bbox 1034 2944 1212 3041; x_wconf 84' lang='lat' dir='ltr'><strong>accepisse</strong></span> <span class='ocrx_word' id='word_1_145' title='bbox 1247 2942 1378 3014; x_wconf 88' lang='lat' dir='ltr'><strong>dicitur</strong></span> 
     </span>
     <span class='ocr_line' id='line_1_22' title="bbox 313 3043 1378 3154; baseline -0.002 -28"><span class='ocrx_word' id='word_1_146' title='bbox 313 3053 461 3154; x_wconf 84' lang='lat' dir='ltr'><strong>(Claud.</strong></span> <span class='ocrx_word' id='word_1_147' title='bbox 480 3060 566 3140; x_wconf 91' lang='lat' dir='ltr'><strong>XV,</strong></span> <span class='ocrx_word' id='word_1_148' title='bbox 586 3053 656 3150; x_wconf 79' lang='lat'><strong>259</strong></span> <span class='ocrx_word' id='word_1_149' title='bbox 674 3079 754 3151; x_wconf 90' lang='lat' dir='ltr'><strong>sqq.</strong></span> <span class='ocrx_word' id='word_1_150' title='bbox 773 3050 817 3126; x_wconf 86' lang='lat' dir='ltr'><strong>cf.</strong></span> <span class='ocrx_word' id='word_1_151' title='bbox 837 3057 939 3141; x_wconf 90' lang='lat' dir='ltr'>XXI,</span> <span class='ocrx_word' id='word_1_152' title='bbox 960 3077 1023 3149; x_wconf 87' lang='lat'><strong>271</strong></span> <span class='ocrx_word' id='word_1_153' title='bbox 1050 3052 1173 3150; x_wconf 79' lang='lat' dir='ltr'><strong>sqq),</strong></span> <span class='ocrx_word' id='word_1_154' title='bbox 1193 3043 1378 3150; x_wconf 84' lang='lat' dir='ltr'><strong>ducesque</strong></span> 
     </span>
     <span class='ocr_line' id='line_1_23' title="bbox 311 3161 1377 3262; baseline 0.001 -27"><span class='ocrx_word' id='word_1_155' title='bbox 311 3167 469 3235; x_wconf 84' lang='lat' dir='ltr'><strong>Honorii</strong></span> <span class='ocrx_word' id='word_1_156' title='bbox 476 3162 681 3260; x_wconf 88' lang='lat' dir='ltr'><strong>complures</strong></span> <span class='ocrx_word' id='word_1_157' title='bbox 691 3161 903 3234; x_wconf 89' lang='lat' dir='ltr'><strong>muneribus</strong></span> <span class='ocrx_word' id='word_1_158' title='bbox 913 3165 1126 3262; x_wconf 87' lang='lat' dir='ltr'><strong>corrupisse.</strong></span> <span class='ocrx_word' id='word_1_159' title='bbox 1139 3163 1377 3252; x_wconf 83' lang='lat' dir='ltr'><strong>ClaudXXI,</strong></span> 
     </span>
     <span class='ocr_line' id='line_1_24' title="bbox 316 3272 1379 3372; baseline 0.004 -30"><span class='ocrx_word' id='word_1_160' title='bbox 316 3297 383 3370; x_wconf 83' lang='lat'><strong>277</strong></span> <span class='ocrx_word' id='word_1_161' title='bbox 403 3297 455 3368; x_wconf 89' lang='lat' dir='ltr'><strong>sq.</strong></span> <span class='ocrx_word' id='word_1_162' title='bbox 472 3273 651 3342; x_wconf 88' lang='lat' dir='ltr'><strong>Instinctu</strong></span> <span class='ocrx_word' id='word_1_163' title='bbox 663 3289 784 3348; x_wconf 83' lang='lat' dir='ltr'><strong>autern</strong></span> <span class='ocrx_word' id='word_1_164' title='bbox 802 3279 971 3372; x_wconf 83' lang='lat' dir='ltr'><strong>Eutropii</strong></span> <span class='ocrx_word' id='word_1_165' title='bbox 984 3274 1054 3346; x_wconf 91' lang='lat' dir='ltr'><strong>hoc</strong></span> <span class='ocrx_word' id='word_1_166' title='bbox 1073 3272 1207 3348; x_wconf 84' lang='lat' dir='ltr'><strong>sactum</strong></span> <span class='ocrx_word' id='word_1_167' title='bbox 1223 3299 1316 3366; x_wconf 87' lang='lat' dir='ltr'><strong>esse,</strong></span> <span class='ocrx_word' id='word_1_168' title='bbox 1335 3290 1379 3346; x_wconf 88' lang='lat' dir='ltr'><strong>ut</strong></span> 
     </span>
     <span class='ocr_line' id='line_1_25' title="bbox 313 3382 1376 3460; baseline -0.002 -2"><span class='ocrx_word' id='word_1_169' title='bbox 313 3382 514 3458; x_wconf 72' lang='lat' dir='ltr'><strong>Stilichonis</strong></span> <span class='ocrx_word' id='word_1_170' title='bbox 534 3383 675 3454; x_wconf 89' lang='lat' dir='ltr'><strong>animus</strong></span> <span class='ocrx_word' id='word_1_171' title='bbox 698 3409 719 3453; x_wconf 91' lang='lat' dir='ltr'><strong>a</strong></span> <span class='ocrx_word' id='word_1_172' title='bbox 737 3407 860 3456; x_wconf 87' lang='lat' dir='ltr'><strong>rerum</strong></span> <span class='ocrx_word' id='word_1_173' title='bbox 884 3384 1111 3460; x_wconf 87' lang='lat' dir='ltr'><strong>orientalium</strong></span> <span class='ocrx_word' id='word_1_174' title='bbox 1133 3409 1220 3457; x_wconf 86' lang='lat' dir='ltr'><strong>cura</strong></span> <span class='ocrx_word' id='word_1_175' title='bbox 1240 3398 1376 3456; x_wconf 85' lang='lat' dir='ltr'><strong>averte-</strong></span> 
     </span>
     <span class='ocr_line' id='line_1_26' title="bbox 310 3494 1377 3589; baseline 0 -21"><span class='ocrx_word' id='word_1_176' title='bbox 310 3510 427 3582; x_wconf 88' lang='lat' dir='ltr'><strong>retur,</strong></span> <span class='ocrx_word' id='word_1_177' title='bbox 445 3507 571 3564; x_wconf 89' lang='lat' dir='ltr'><strong>auctor</strong></span> <span class='ocrx_word' id='word_1_178' title='bbox 591 3508 645 3565; x_wconf 86' lang='lat' dir='ltr'><strong>est</strong></span> <span class='ocrx_word' id='word_1_179' title='bbox 660 3495 842 3582; x_wconf 84' lang='lat' dir='ltr'><strong>zozimus,</strong></span> <span class='ocrx_word' id='word_1_180' title='bbox 863 3499 906 3582; x_wconf 89' lang='lat' dir='ltr'><strong>V,</strong></span> <span class='ocrx_word' id='word_1_181' title='bbox 929 3520 982 3566; x_wconf 86' lang='lat'><strong>11.</strong></span> <span class='ocrx_word' id='word_1_182' title='bbox 1002 3497 1084 3589; x_wconf 87' lang='lat' dir='ltr'><strong>Qua</strong></span> <span class='ocrx_word' id='word_1_183' title='bbox 1103 3494 1148 3566; x_wconf 91' lang='lat' dir='ltr'><strong>de</strong></span> <span class='ocrx_word' id='word_1_184' title='bbox 1169 3519 1209 3566; x_wconf 92' lang='lat' dir='ltr'><strong>re</strong></span> <span class='ocrx_word' id='word_1_185' title='bbox 1228 3495 1377 3568; x_wconf 76' lang='lat' dir='ltr'><strong>Stilicho</strong></span> 
     </span>
     <span class='ocr_line' id='line_1_27' title="bbox 313 3603 1378 3705; baseline -0.004 -27"><span class='ocrx_word' id='word_1_186' title='bbox 313 3630 428 3705; x_wconf 92' lang='lat' dir='ltr'><strong>quum</strong></span> <span class='ocrx_word' id='word_1_187' title='bbox 439 3603 485 3675; x_wconf 90' lang='lat' dir='ltr'><strong>ad</strong></span> <span class='ocrx_word' id='word_1_188' title='bbox 494 3619 677 3693; x_wconf 85' lang='lat' dir='ltr'><strong>senatum,</strong></span> <span class='ocrx_word' id='word_1_189' title='bbox 687 3627 789 3676; x_wconf 89' lang='lat' dir='ltr'><strong>more</strong></span> <span class='ocrx_word' id='word_1_190' title='bbox 804 3607 998 3703; x_wconf 85' lang='lat' dir='ltr'><strong>majorum,</strong></span> <span class='ocrx_word' id='word_1_191' title='bbox 1009 3604 1190 3678; x_wconf 87' lang='lat' dir='ltr'><strong>retulisset</strong></span> <span class='ocrx_word' id='word_1_192' title='bbox 1199 3604 1266 3701; x_wconf 89' lang='lat' dir='ltr'><strong>(Cl.</strong></span> <span class='ocrx_word' id='word_1_193' title='bbox 1278 3609 1378 3689; x_wconf 89' lang='lat' dir='ltr'>XXI,</span> 
     </span>
     <span class='ocr_line' id='line_1_28' title="bbox 315 3713 1377 3816; baseline -0.002 -27"><span class='ocrx_word' id='word_1_194' title='bbox 315 3716 384 3790; x_wconf 80' lang='lat'><strong>325</strong></span> <span class='ocrx_word' id='word_1_195' title='bbox 407 3714 516 3814; x_wconf 84' lang='lat' dir='ltr'><strong>sqq),</strong></span> <span class='ocrx_word' id='word_1_196' title='bbox 534 3721 730 3814; x_wconf 77' lang='lat' dir='ltr'><strong>Eutropius</strong></span> <span class='ocrx_word' id='word_1_197' title='bbox 743 3717 858 3789; x_wconf 87' lang='lat' dir='ltr'><strong>hostis</strong></span> <span class='ocrx_word' id='word_1_198' title='bbox 876 3715 1043 3816; x_wconf 87' lang='lat' dir='ltr'><strong>publicus</strong></span> <span class='ocrx_word' id='word_1_199' title='bbox 1062 3715 1280 3800; x_wconf 86' lang='lat' dir='ltr'><strong>declaratur,</strong></span> <span class='ocrx_word' id='word_1_200' title='bbox 1298 3713 1377 3787; x_wconf 86' lang='lat' dir='ltr'><strong>bel-</strong></span> 
     </span>
     <span class='ocr_line' id='line_1_29' title="bbox 313 3823 1376 3925; baseline 0.001 -27"><span class='ocrx_word' id='word_1_201' title='bbox 313 3827 464 3925; x_wconf 88' lang='lat' dir='ltr'><strong>lumque</strong></span> <span class='ocrx_word' id='word_1_202' title='bbox 486 3841 612 3900; x_wconf 89' lang='lat' dir='ltr'><strong>contra</strong></span> <span class='ocrx_word' id='word_1_203' title='bbox 636 3827 740 3898; x_wconf 91' lang='lat' dir='ltr'><strong>illum</strong></span> <span class='ocrx_word' id='word_1_204' title='bbox 767 3826 985 3900; x_wconf 88' lang='lat' dir='ltr'><strong>decernitur.</strong></span> <span class='ocrx_word' id='word_1_205' title='bbox 1006 3825 1060 3900; x_wconf 82' lang='lat' dir='ltr'><strong>Cf.</strong></span> <span class='ocrx_word' id='word_1_206' title='bbox 1084 3823 1265 3898; x_wconf 86' lang='lat' dir='ltr'><strong>Claudian.</strong></span> <span class='ocrx_word' id='word_1_207' title='bbox 1291 3831 1376 3915; x_wconf 88' lang='lat' dir='ltr'><strong>XV,</strong></span> 
     </span>
     <span class='ocr_line' id='line_1_30' title="bbox 318 3935 1374 4035; baseline 0.001 -29"><span class='ocrx_word' id='word_1_208' title='bbox 318 3935 384 4007; x_wconf 83' lang='lat'><strong>163</strong></span> <span class='ocrx_word' id='word_1_209' title='bbox 415 3961 495 4033; x_wconf 90' lang='lat' dir='ltr'><strong>sqq.</strong></span> <span class='ocrx_word' id='word_1_210' title='bbox 523 3941 625 4022; x_wconf 86' lang='lat' dir='ltr'>XXI,</span> <span class='ocrx_word' id='word_1_211' title='bbox 646 3939 715 4024; x_wconf 70' lang='lat'><strong>246</strong></span> <span class='ocrx_word' id='word_1_212' title='bbox 738 3964 817 4035; x_wconf 91' lang='lat' dir='ltr'><strong>sqq.</strong></span> <span class='ocrx_word' id='word_1_213' title='bbox 850 3943 982 4026; x_wconf 87' lang='lat' dir='ltr'>XXIV,</span> <span class='ocrx_word' id='word_1_214' title='bbox 1013 3937 1058 4012; x_wconf 88' lang='lat'><strong>85</strong></span> <span class='ocrx_word' id='word_1_215' title='bbox 1087 3962 1164 4034; x_wconf 88' lang='lat' dir='ltr'><strong>sqq.</strong></span> <span class='ocrx_word' id='word_1_216' title='bbox 1196 3938 1374 4010; x_wconf 81' lang='lat' dir='ltr'><strong>Ammian.</strong></span> 
     </span>
     <span class='ocr_line' id='line_1_31' title="bbox 313 4031 1373 4158; baseline -0.002 -38"><span class='ocrx_word' id='word_1_217' title='bbox 313 4031 508 4158; x_wconf 62' lang='lat' dir='ltr'><strong>diarcellin.</strong></span> <span class='ocrx_word' id='word_1_218' title='bbox 528 4051 664 4135; x_wconf 89' lang='lat' dir='ltr'>XXIX,</span> <span class='ocrx_word' id='word_1_219' title='bbox 689 4049 721 4122; x_wconf 83' lang='lat'><strong>5.</strong></span> <span class='ocrx_word' id='word_1_220' title='bbox 746 4051 876 4122; x_wconf 88' lang='lat' dir='ltr'><strong>Zozim.</strong></span> <span class='ocrx_word' id='word_1_221' title='bbox 898 4055 942 4138; x_wconf 92' lang='lat' dir='ltr'><strong>V,</strong></span> <span class='ocrx_word' id='word_1_222' title='bbox 966 4074 1017 4121; x_wconf 86' lang='lat'><strong>11.</strong></span> <span class='ocrx_word' id='word_1_223' title='bbox 1041 4051 1246 4145; x_wconf 88' lang='lat' dir='ltr'><strong>Hieronym.</strong></span> <span class='ocrx_word' id='word_1_224' title='bbox 1270 4051 1373 4146; x_wconf 87' lang='lat' dir='ltr'><strong>epist.</strong></span> 
     </span>
    </p>
   </div>
   <div class='ocr_carea' id='block_1_6' title="bbox 0 0 1542 4950">
    <p class='ocr_par' dir='ltr' id='par_1_6' title="bbox 0 0 1542 4950">
     <span class='ocr_line' id='line_1_32' title="bbox 0 0 1542 4950; baseline 0 0"><span class='ocrx_word' id='word_1_225' title='bbox 0 0 1542 4950; x_wconf 95' lang='lat' dir='ltr'><strong> </strong></span> 
     </span>
    </p>
   </div>
  </div>
 </body>
</html>
