3075 4950
314 481 512 549 PROLOG.
534 482 582 549 ΙΝ
604 483 668 549 rt.
692 481 1005 551 MALL.THEOD.
1031 484 1159 555 CONS.
1195 484 1271 581 439

203 612 370 680 Omnibus
386 610 540 679 audimur
558 613 676 695 terris,
694 610 875 706 mundique
893 637 954 708 per
971 638 1067 685 aures

255 717 391 786 Ibimus.
406 713 471 786 Ah!
489 718 609 787 nimius
623 716 777 788 Consulis
790 734 888 813 urget
905 744 1007 792 amor.

201 826 352 919 Jupiter,
367 839 405 893 ut
421 823 618 920 perhibent,
632 826 775 919 spatium
793 851 896 919 quum
917 826 1045 897 discere
1063 827 1162 899 vellet

256 931 393 1001 Naturae
405 984 413 1017 ,
427 932 521 1024 regni
540 932 671 1001 nescius
688 932 758 1026 ipse
774 934 824 1001 sui
840 986 849 1019 ‚

203 1040 394 1131 Armigeros
408 1040 563 1131 utrinque
578 1037 663 1107 duos
677 1037 858 1132 Qualibus
871 1036 930 1109 alis

257 1146 350 1213 Misit
365 1144 408 1213 ab
424 1146 504 1213 Eois
523 1144 747 1239 Occiduisque
761 1143 875 1241 plagis.

203 1253 366 1321 Parnasus
381 1252 531 1346 geminos
549 1250 656 1320 fertur
665 1252 813 1345 junxisse
831 1250 961 1324 volatus
974 1281 983 1337 ς

257 1356 409 1427 Contulit
426 1356 570 1429 alternas
586 1358 724 1453 Pythius
745 1361 815 1429 axis
834 1383 922 1429 aves.

202 1466 360 1560 Princeps
379 1488 447 1533 non
465 1463 581 1558 aquilis
600 1478 723 1533 terram
739 1490 941 1561 cognoscere
963 1482 1076 1553 curat;

158 1607 162 1616 v
256 1572 387 1641 Certius
406 1572 440 1638 in
459 1570 556 1641 vobis
576 1574 715 1641 aestimat
731 1572 915 1667 imperium.

203 1680 277 1747 Hoc
300 1702 365 1773 ego
385 1677 526 1746 concilio
543 1676 721 1748 collectum
739 1681 860 1748 metior
875 1680 1015 1767 orbem3

257 1788 332 1854 Hoc
351 1784 450 1853 video
472 1798 561 1853 coetu
579 1784 740 1879 quidquid
758 1786 882 1881 ubique
901 1788 1009 1856 micat.

202 1966 335 2039 respicere
340 1968 433 2038 jubet,
444 1985 525 2038 quam
533 1981 674 2037 augustum
683 1966 718 2020 sit
762 1966 852 2021 Schol.
867 1966 947 2022 ovid.
958 1968 1024 2021 Met.
1037 1968 1078 2033 X,
1095 1970 1148 2037 167
1159 1984 1198 2038 sq.
1215 1967 1278 2031 XV,

202 2046 271 2099 illud
290 2048 456 2110 concilium,
481 2066 571 2099 coram
594 2065 650 2119 quo
673 2065 718 2100 ce·
763 2047 872 2119 fidosq.
885 2047 975 2101 Schol.
990 2046 1024 2100 ad
1037 2049 1102 2101 Luc.
1115 2046 1210 2118 V,71.
1223 2046 1277 2099 Suo

201 2146 267 2179 nere
288 2127 339 2180 sibi
354 2127 383 2178 in
404 2127 523 2179 animum
545 2125 659 2179 induxit.
678 2159 718 2169 -
761 2125 1279 2181 oonsiliohaeoacoommoduueClaudia-

203 2207 334 2270 Exsultat,
344 2206 484 2278 gloriatur.
761 2226 827 2271 nus,
839 2208 935 2261 Jorem
946 2206 1011 2261 dicit
1029 2205 1214 2279 amplitudinis
1225 2207 1276 2259 irn-

244 2306 271 2355 9.
290 2286 408 2338 Omnibus
419 2285 530 2337 audimur
544 2288 624 2343 terris,
636 2304 719 2357 quan·
760 2288 830 2358 perii
843 2286 1018 2359 cognoscendi
1034 2306 1111 2341 causa
1125 2285 1155 2339 id
1169 2286 1277 2355 secisse,

201 2364 350 2437 ‹loquitlem
370 2364 479 2419 auditur
495 2383 510 2417 a
525 2365 591 2418 viris
608 2366 717 2419 illustrl·
762 2365 836 2438 quod
854 2384 885 2420 ex
903 2368 1010 2438 antiqua
1028 2366 1180 2421 narratione
1195 2366 1276 2433 lecit,

201 2447 265 2512 bus,
277 2446 325 2518 qui
333 2444 453 2518 undique
462 2443 645 2500 Mediolanum
653 2464 718 2500 oon·
761 2460 793 2502 ut
805 2444 926 2502 medium
938 2459 1070 2502 terrarum
1081 2446 1172 2500 locum
1185 2446 1276 2519 explo-

200 2539 337 2580 renerant.
351 2560 391 2569 —
405 2526 494 2580 Mruadi
502 2546 549 2597 per
562 2547 631 2578 aures
645 2525 717 2582 idem
761 2539 841 2582 reret.
858 2560 895 2572 -
914 2527 1064 2601 AEqualr'bur
1078 2529 1136 2590 alis,
1154 2527 1214 2600 pari
1230 2546 1275 2582 ve·

202 2620 259 2671 est,
274 2605 320 2660 sed
334 2607 386 2659 alio
401 2604 482 2659 modo
499 2607 606 2659 elatum.
761 2607 876 2661 locitete.

248 2704 292 2738 ro.
305 2687 362 2738 At!
379 2691 464 2739 nouitas
478 2698 528 2740 etc.
545 2685 609 2739 Haec
620 2686 718 2739 lineola
804 2691 849 2741 16.
865 2686 968 2760 Pythius
988 2690 1060 2749 uuir,-
1072 2705 1098 2742 v.
1119 2705 1147 2739 n.
1166 2685 1200 2739 ad
1212 2687 1275 2755 XV,

202 2767 716 2839 mnsrersaehibirnmseparatecogites.
762 2767 831 2830 458.
848 2797 888 2810 -
902 2767 1036 2833 Alamos,
1049 2767 1146 2820 ambas.

203 2848 257 2900 Vel
271 2866 333 2900 cum
349 2847 469 2918 periculo
482 2847 560 2900 lamae
570 2846 718 2900 imminutae
807 2865 850 2918 ¹7·
863 2846 993 2918 Princeps,
1008 2847 1153 2899 Honorius.

201 2929 329 2991 conabor,
341 2928 405 2999 quia
421 2944 520 2998 magno
531 2927 617 2979 Mallii
628 2943 718 2979 amore
807 2929 851 2980 re.
870 2929 899 2980 Ira
912 2928 988 2981 nebu.
1004 2925 1072 2982 cod.
1087 2925 1175 2981 Vatic.
1194 2925 1275 2997 prim.

202 3009 241 3062 ita
252 3007 288 3061 ad
297 3006 448 3063 canendum
462 3006 600 3078 impellor,
614 3010 719 3060 utresi-
761 3011 787 3058 r'rr
806 3007 893 3074 roto,
918 3005 994 3080 quod
1012 3006 1132 3061 Gesner-o
1153 3004 1276 3072 adridet,

203 3100 272 3141 stere
282 3107 421 3161 nequeam.
761 3087 826 3158 qnia
843 3087 881 3140 sic
900 3086 1121 3142 honorificentius
1138 3085 1167 3140 in
1185 3087 1276 3140 conci·

249 3169 718 3234 11-14.Jovemmemorent,utex·
759 3165 829 3220 lium
842 3179 869 3220 et
884 3165 1031 3220 modestius
1045 3165 1080 3220 de
1098 3185 1125 3220 se
1139 3166 1273 3238 loquatur.

204 3247 335 3318 ploraret,
347 3248 455 3319 quinam
469 3245 572 3300 medius
586 3257 717 3300 terrarum
762 3247 878 3301 Sensus:
892 3245 1042 3319 Imperator
1052 3265 1108 3300 non
1121 3247 1206 3319 spatio
1219 3265 1275 3302 me·

201 3328 279 3380 locus
291 3339 373 3392 esset,
386 3325 451 3379 duas
462 3327 563 3399 aquilas
578 3327 717 3381 velocitate
760 3327 827 3380 titur
850 3327 956 3398 imperii
979 3329 1021 3380 sui
1041 3325 1273 3398 magnitudinem

204 3407 346 3479 equaliab
361 3407 474 3460 Oriente
487 3404 718 3461 etabOccidente
760 3425 843 3479 quare
867 3407 962 3478 aquilis
985 3407 1026 3460 illi
1042 3405 1111 3460 nihil
1129 3425 1197 3478 opus
1215 3419 1274 3472 est,
1320 3470 1325 3482 Ι

202 3487 298 3541 eodern
317 3501 438 3560 tempore
453 3487 586 3550 emisisse,
607 3487 718 3559 illasque
760 3485 808 3541 sed
820 3487 994 3540 multitudine
1008 3487 1131 3540 virorum
1146 3485 1220 3538 omni
1232 3483 1274 3538 di-

202 3569 273 3622 circa
290 3569 438 3623 Parnasum
454 3567 626 3632 convenisse,
645 3567 718 3620 unde
760 3567 861 3639 gnitate
871 3568 1089 3640 precellentium,
1097 3563 1276 3637 quosMedio·

204 3660 348 3708 constaret,
366 3649 486 3720 Delphos
500 3645 619 3700 medium
634 3659 717 3703 terra·
760 3648 815 3701 lani
827 3628 952 3700 collectos
961 3644 1035 3700 ridet
1045 3664 1079 3699 ex
1089 3645 1214 3698 omnibus
1223 3656 1275 3698 ter·

204 3747 265 3782 rum
278 3730 368 3782 locum
383 3729 514 3781 obtinere.
527 3730 562 3781 V.
577 3725 716 3780 Scholiast.
761 3745 852 3780 rarum
865 3725 939 3780 locis.

205 3805 240 3859 ud
248 3807 356 3862 Pindar.
369 3808 553 3879 Pyth.1v‚6;
565 3807 651 3859 Streb.
663 3807 718 3872 lx,
806 3823 849 3876 19.
860 3805 990 3859 Collatum
994 3842 1003 3867 ,
1013 3805 1123 3876 proprie
1130 3802 1275 3858 dicendum

204 3905 263 3958 pag.
280 3893 344 3958 289.
358 3887 428 3941 Inde
439 3888 538 3958 Delphi
552 3889 660 3958 ὀμφαλὸς
670 3889 717 3958 γᾶς
762 3887 854 3940 luisset
868 3885 967 3936 concilio
980 3884 1088 3936 collecte.

205 3967 717 4033 vocantur,Pindnr.l.c.131,etV1‚
806 3984 848 4019 so.
872 3963 1000 4037 Quidquid
1015 3963 1100 4036 ubique
1120 3967 1199 4017 micat.
1219 3965 1274 4017 Lu-

209 4043 243 4108 3;
256 4046 377 4118 Euripid.
391 4049 451 4102 Ion.
474 4048 531 4102 223
546 4067 585 4119 sq.
606 4049 660 4110 461
678 4065 717 4118 sq.
762 4045 836 4099 mina
845 4063 892 4098 sen
902 4043 1276 4116 culminaimperiupreestan·

206 4123 331 4195 Sophocl.
345 4126 446 4198 OEdip.
462 4129 527 4197 Tyr.
543 4128 617 4191 48&
636 4127 674 4180 ibi
692 4146 722 4178 v.
762 4125 879 4180 tissimus
891 4124 963 4178 viros
974 4123 1108 4194 inuffigu.

1030 4253 1097 4334 αδ4
