3075 4950
211 480 213 483 Α
293 407 367 481 508
529 365 1120 477 cncnsunmmxvrn.

230 592 236 596 -
343 540 436 631 Quid
456 564 577 610 nervos
593 540 736 609 secuisse
748 537 867 635 juvat?
886 540 934 608 vis
955 536 1045 608 nullo
1067 551 1239 607 cruentam

291 654 425 718 Castrat
441 648 624 717 avaritiam.
646 647 761 715 Parvis
787 646 931 716 exercita
948 645 1066 731 furtis,

291 756 377 844 Quae
393 769 524 825 vastare
537 778 680 848 penum,
700 750 916 849 neglectaque
930 765 1084 822 sueverat
1103 776 1188 823 arcae

291 860 447 931 Claustra
463 859 626 947 remoliri,
644 884 735 929 nunc
754 860 909 929 uberiore
926 862 1042 955 rapina
1340 892 1384 947 ,φ

292 970 413 1038 Peccut
432 970 467 1037 in
484 968 567 1037 orbe
583 989 719 1036 munus:
738 964 899 1061 quidquid
917 990 952 1035 se
970 968 1079 1061 Tigris
1093 964 1135 1035 ab
1151 969 1267 1038 Haemo

294 1206 417 1260 homines
427 1206 550 1279 placidus
562 1205 658 1270 fuisse,
674 1204 722 1275 qui
733 1202 806 1257 idem
849 1201 913 1255 dide
929 1203 1022 1270 volui,
1035 1220 1080 1256 me
1092 1204 1182 1257 locum
1198 1224 1297 1259 sanum
1315 1226 1382 1260 non

293 1286 423 1339 &ninum
432 1286 501 1358 passi
511 1298 611 1342 essent,
623 1303 708 1356 quum
718 1297 806 1337 tamen
849 1282 1016 1349 existimare,
1033 1302 1084 1337 nec
1103 1284 1237 1338 mitiorem
1252 1286 1381 1341 medici·

295 1367 385 1420 cuncti
403 1367 547 1419 clementes
565 1365 683 1418 solerent
702 1382 758 1417 esse
778 1363 805 1415 in
850 1361 953 1416 named
961 1365 1381 1421 mnnumesse.lleinsiusetiam

295 1447 337 1500 sui
350 1447 458 1499 similes.
469 1447 505 1498 V.
519 1444 589 1497 infra
600 1445 681 1509 XIX,
694 1444 730 1509 45
746 1463 755 1497 s
851 1456 1007 1513 corruptum
1014 1444 1104 1497 locum
1112 1445 1229 1515 putavit,
1237 1465 1290 1516 pro
1296 1450 1380 1518 pejus

295 1528 386 1569 Eunuchi
394 1528 484 1581 jugulam
492 1527 569 1581 priam
578 1528 663 1567 muse
671 1526 745 1566 ureris
851 1524 919 1594 conj,
925 1542 1015 1593 pronus
1021 1521 1128 1577 laudato
1135 1526 1289 1591 Lucanvss
1300 1546 1314 1580 1
1323 1534 1379 1596 ⁴7,

295 1606 447 1670 Ponamus,
468 1617 628 1676 postremum
647 1602 808 1656 sententiam
851 1621 906 1674 quo
926 1603 1070 1656 verborum
1094 1602 1205 1674 quidem
1229 1618 1379 1659 structura

295 1686 365 1738 bene
383 1704 411 1737 se
431 1686 548 1748 hebere,
568 1683 671 1737 etiamsi
691 1682 809 1754 penitius
851 1682 986 1753 vulgatior
1000 1682 1044 1749 iit,
1061 1702 1155 1736 verum
1172 1686 1378 1739 sententiarum

295 1784 404 1819 excussa
420 1763 522 1836 aliquid
537 1763 643 1835 [rigoris
662 1763 761 1817 habere
770 1762 810 1815 vi·
852 1762 933 1816 nexui
945 1762 1013 1817 nihil
1024 1764 1270 1817 consulitur.-In
1281 1786 1378 1819 uuum

295 1844 403 1910 deatum
427 1863 480 1916 qua
506 1842 615 1897 tandem
639 1842 744 1897 ratione
768 1843 812 1895 sed
853 1854 941 1895 murat
959 1840 1050 1895 eadem
1070 1843 1294 1899 rationedictum
1316 1858 1376 1911 est,

293 1928 363 1995 pejus
379 1928 405 1976 iu
423 1944 508 1977 uurtuu
526 1936 577 1977 etc·
592 1942 654 1977 cnm
672 1923 810 1995 prioribus
852 1940 906 1993 qua
914 1934 997 1993 patret
1007 1926 1034 1975 iu
1048 1924 1163 1977 Veneram
1176 1924 1249 1978 Pers.
1261 1927 1299 1994 V,
1314 1928 1377 1991 88,

296 2004 440 2075 conjuncta
455 2022 512 2057 esse
525 2002 664 2056 dicamus?
679 2003 768 2056 Etiam
781 2002 810 2055 in
853 2003 901 2055 ubi
912 2021 938 2055 v.
952 2022 980 2055 n.
993 2020 1061 2073 pro:
1077 2022 1171 2075 magna
1186 2005 1245 2057 auri
1258 2006 1376 2078 cupidi·

297 2083 362 2154 ipsis
373 2082 462 2135 verbis
473 2081 681 2155 interpretandis
695 2081 812 2136 difficul·
854 2094 906 2136 tate
925 2094 1038 2137 tenetur.
1067 2116 1106 2127 -
1128 2084 1202 2154 Pejus
1218 2104 1270 2156 pro
1285 2088 1376 2139 vehe-

298 2176 338 2215 tas
360 2164 483 2215 sentitur.
500 2162 551 2216 Sed
568 2166 594 2213 ἱιι
616 2182 701 2215 aurum
723 2174 812 2232 estuat
853 2162 971 2215 mentius
996 2162 1099 2233 posuit,
1119 2182 1203 2235 quum
1225 2166 1376 2237 respiceret

295 2244 376 2313 pejru,
388 2242 599 2314 quonuminum
608 2242 717 2314 reliquis
726 2260 811 2295 eunu-
853 2242 930 2307 illos,
945 2260 1012 2313 quos
1026 2243 1143 2297 eunuchi
1160 2245 1270 2297 avaritia
1288 2246 1375 2299 mise·

296 2322 376 2375 clais?
387 2323 491 2376 Verum
505 2322 559 2375 hoc
577 2341 633 2375 non
648 2322 812 2375 contrarium
854 2342 899 2375 ros
913 2320 1375 2396 reddiderat.-Libido,quncum·

298 2415 339 2455 est
361 2402 447 2473 priori
469 2422 476 2456 :
499 2423 544 2455 nee
562 2403 674 2455 eunucus
689 2402 812 2473 placidus.
856 2420 909 2473 que
921 2401 1052 2474 cupiditas
1065 2403 1222 2471 vehemens3
1233 2405 1374 2460 illavooa·

298 2481 423 2547 Deinde,
444 2484 567 2554 quisnam
586 2482 696 2537 estuat?
717 2485 813 2555 procul
856 2487 1014 2550 tursueu'sa,
1029 2485 1156 2556 quoniam
1171 2485 1223 2538 illae
1237 2488 1293 2556 ejus
1308 2504 1373 2558 spe-

299 2561 615 2634 dubioEutropius3nam
623 2563 813 2618 dehocsermo
857 2563 922 2630 cies,
937 2581 997 2636 qua
1016 2561 1050 2616 ad
1064 2563 1286 2618 consuetudinem
1305 2585 1372 2619 cum

301 2647 471 2715 eracAtqusa
545 2638 815 2711 untur,lrocuuafrur‘·
856 2643 962 2697 feminis
976 2656 1106 2716 spectant,
1120 2645 1270 2698 exsectione
1288 2648 1371 2699 arnis·

300 2742 345 2774 sur
355 2727 448 2775 succisa
458 2723 503 2775 ut'
535 2743 609 2789 ,non
619 2722 654 2778 sd
662 2743 749 2777 unum
761 2724 814 2776 En·
857 2741 892 2776 sas
911 2736 993 2777 erunt.
1006 2747 1048 2760 -
1060 2723 1181 2791 Fruitur,
1201 2725 1371 2797 voluptatem

300 2803 436 2874 tropinm,
450 2822 545 2857 verum
561 2802 596 2856 ad
614 2821 708 2857 omnes
724 2821 814 2857 eunu·
856 2803 929 2875 capit
941 2820 986 2855 ex·
999 2836 1007 2851 ·
1019 2815 1084 2856 ·etc.
1214 2797 1218 2804 '

300 2882 366 2936 chos
378 2882 512 2954 pertinere
524 2881 658 2938 videntur.
669 2883 757 2936 Miror
771 2883 814 2936 in·
901 2900 964 2950 ¹9²·
977 2884 1081 2946 Ner-vsu
1089 2881 1170 2936 Ovid.
1182 2885 1275 2938 Amor.
1283 2885 1370 2955 Hl‚7,

300 2974 431 3032 terpretes
455 2963 511 3015 hrec
535 2964 625 3017 omnia
650 2963 721 3017 sicco
745 2961 814 3034 pede
859 2961 1371 3029 353Petron.13r.-Cruentam,cru·

302 3042 467 3112 proeteriisse.
477 3043 574 3112 Negari
583 3062 638 3096 non
646 3055 747 3114 potest,
757 3062 815 3097 om·
857 3040 953 3095 delem.

301 3139 350 3174 nes
367 3119 556 3188 difficultates,
572 3122 676 3176 omissis
691 3125 815 3176 clementia
902 3120 972 3191 193,
991 3129 1053 3190 194.
1069 3123 1158 3176 Parsis
1173 3125 1278 3176 exercita
1295 3118 1369 3186 (ms-

299 3201 618 3273 cuuctis...placr'dru,quta
624 3203 736 3256 omnino
742 3203 815 3276 frigi·
856 3193 924 3270 nus)
935 3203 1025 3270 furtis,
1041 3201 1105 3256 dum
1119 3221 1211 3257 servus
1223 3203 1369 3275 Eutropius

299 3279 334 3332 da
342 3291 417 3333 totos
425 3281 619 3334 sententiarum
626 3298 710 3336 naus
715 3281 812 3345 reddit,
858 3295 933 3336 esset.
946 3315 987 3325 -
999 3283 1083 3336 Arce.
1098 3284 1132 3335 In
1144 3284 1212 3336 arcis
1226 3282 1329 3336 ferratis
1342 3292 1369 3335 et

299 3353 465 3414 esinesoere.
473 3360 621 3414 Eunuchus
627 3363 753 3416 omnibus
761 3363 814 3416 hu·
857 3363 978 3416 claustris
991 3362 1101 3416 munitis
1113 3363 1194 3416 etiarn
1207 3375 1310 3416 veteres
1321 3380 1368 3433 pe·

301 3439 435 3494 inanitatis
445 3440 584 3501 aflectibus
596 3454 683 3507 caret,
694 3441 741 3496 sed
753 3461 814 3496 avu-
858 3442 964 3496 cuniam
977 3455 1005 3496 et
1017 3461 1081 3514 opes
1093 3441 1229 3497 custodire
1239 3441 1374 3513 solebant..

299 3521 362 3575 ritis
378 3532 405 3573 et
424 3519 580 3574 divitiarum
595 3519 723 3593 cupidine
739 3535 814 3577 tene·
857 3523 988 3587 Juvenal,
1004 3523 1061 3589 tx,
1079 3527 1114 3576 26
1130 3541 1169 3592 sq.

302 3613 347 3654 tur
367 3602 450 3673 magis
468 3620 549 3673 quarn
563 3601 661 3673 reliqui
674 3601 814 3671 homines,
903 3605 969 3670 196.
983 3603 1075 3654 Pereat
1084 3607 1110 3654 in
1121 3603 1177 3654 orbe
1188 3621 1287 3664 uanum
1301 3597 1369 3654 illud

301 3680 815 3752 quiauniceillainistiusmodihomine
859 3683 937 3736 furtis
963 3680 1114 3740 domesticis
1140 3683 1295 3756 oppositum
1320 3691 1367 3732 est.

301 3757 465 3815 dominatur.
474 3760 607 3833 Equidem
617 3782 673 3816 non
683 3762 813 3830 dixerim,
858 3764 938 3816 Nunc
963 3775 1052 3818 autem
1074 3763 1229 3816 universum
1251 3759 1369 3814 Orientis

298 3838 443 3908 rejicienda
450 3843 496 3894 illa
503 3843 585 3896 verba
594 3862 663 3910 esse,
672 3844 734 3915 quia
743 3843 814 3897 nilril
858 3841 1002 3914 imperium
1015 3841 1111 3913 prodas
1123 3841 1176 3896 sibi
1189 3842 1281 3896 datum
1292 3851 1371 3912 putat

300 3937 356 3972 esse
366 3917 473 3973 videtur
482 3922 511 3974 in
521 3923 597 3976 libris
608 3924 727 3994 scriptis,
737 3921 813 3994 quod
856 3921 1013 3994 Eutropius.
1023 3922 1120 3976 Zosim.
1130 3923 1167 3988 V,
1181 3939 1225 3988 ro,
1237 3921 1266 3974 5:
1277 3920 1368 3988 pilius

300 4015 362 4051 cum
372 3999 459 4052 cultro
468 4015 629 4070 grassantem
638 4003 761 4057 criticum
769 4021 814 4056 ex·
857 3997 887 4055 ii
902 3996 952 4058 tur
964 4009 1001 4072 τῷ
1012 4003 1125 4073 πλούτῳ,
1138 4001 1180 4055 sui
1189 4003 1250 4071 ὑπὲρ
1264 4001 1298 4053 τὰ
1312 3999 1369 4069 ripa

298 4090 385 4145 ouset3
395 4076 503 4134 sedhoc
511 4092 615 4137 tantum
623 4083 744 4154 profiteri
751 4101 814 4137 cun·
858 4087 889 4151 τῇ
900 4081 1025 4152 φαντασίᾳ
1038 4083 1150 4152 ptpsotau
1164 4077 1243 4135 «lusus
1257 4079 1371 4148 aruspi-
